[{"symbol": "ALGO/USDT", "bids": [[0.4825, 5383.3841], [0.4824, 7095.4], [0.4823, 3684.0638], [0.4822, 6411.1974], [0.4821, 2364.3294], [0.482, 3741.4626], [0.4819, 9188.4181], [0.4818, 15460.3395], [0.4817, 25876.2182], [0.4816, 3801.8314], [0.4815, 1710.0], [0.4814, 3310.8538], [0.4813, 7004.539], [0.4812, 3482.5769], [0.4811, 1786.9678], [0.481, 5406.7463], [0.4809, 33680.6918], [0.4808, 25314.2131], [0.4807, 1711.0], [0.4806, 3809.7633], [0.4805, 3409.6501], [0.4804, 8242.9824], [0.4803, 26189.3318], [0.4802, 2158.5743], [0.4801, 23165.9774], [0.48, 13591.405], [0.4799, 4923.3345], [0.4798, 6.5019], [0.4797, 8.3336], [0.4796, 3826.1355], [0.4795, 25313.9446], [0.4793, 30.5774], [0.4792, 1.4711], [0.4791, 3206.9766], [0.479, 24886.3104], [0.4789, 3.5684], [0.4788, 23.3305], [0.4787, 40340.0224], [0.4786, 140.1422], [0.4785, 16.6386], [0.4784, 1.3452], [0.4783, 3243.5341], [0.478, 14795.6342], [0.4779, 3204.3039], [0.4778, 47.7841], [0.4777, 5.4854], [0.4776, 21.1493], [0.4775, 3224.9537], [0.4773, 1.05], [0.4772, 7.1521], [0.477, 138.2399], [0.4769, 30.4759], [0.4767, 47.2625], [0.4766, 4.0805], [0.4765, 40.7972], [0.4764, 20.8164], [0.4763, 20.7864], [0.4762, 22.8368], [0.4761, 114.9701], [0.476, 61.3213], [0.4759, 7.1683], [0.4758, 18.746], [0.4757, 1.0], [0.4756, 7.6886], [0.4755, 38195.0934], [0.4754, 2.9558], [0.4752, 21.0759], [0.4751, 10.8978], [0.475, 26.8349], [0.4749, 10.3561], [0.4748, 30.0889], [0.4747, 7188.5607], [0.4746, 118.5092], [0.4745, 15.1607], [0.4744, 27.8418], [0.4743, 17.4643], [0.4742, 4.1781], [0.4741, 1.4963], [0.474, 81.7799], [0.4739, 5.2565], [0.4738, 734.2213], [0.4737, 7361.8515], [0.4735, 105.1802], [0.4734, 8.8602], [0.4733, 972.3248], [0.4732, 216.0188], [0.4731, 3.1583], [0.473, 25.5022], [0.4729, 6.3961], [0.4728, 2173.0788], [0.4727, 29.3016], [0.4726, 8.1592], [0.4725, 9.6125], [0.4724, 1.0744], [0.4723, 1.8846], [0.4722, 10.2172], [0.4721, 39.5313], [0.472, 55.4671], [0.4719, 186.4513], [0.4718, 28.432]], "asks": [[0.4828, 2738.0027], [0.4829, 3939.6758], [0.483, 2188.2979], [0.4831, 10954.3285], [0.4832, 15537.0397], [0.4833, 2703.2561], [0.4834, 3824.8551], [0.4835, 15997.1031], [0.4836, 1710.0], [0.4837, 13310.8538], [0.4839, 5016.5211], [0.484, 5406.2036], [0.4841, 12040.5662], [0.4842, 12453.3573], [0.4843, 3310.8538], [0.4844, 24072.7326], [0.4845, 3801.8314], [0.4846, 3311.8538], [0.4847, 5011.5809], [0.4848, 7944.3334], [0.485, 16095.7734], [0.4852, 410.3229], [0.4853, 2095.0985], [0.4854, 16.9381], [0.4855, 24.0707], [0.4856, 40.6006], [0.4857, 2206.6544], [0.4858, 22783.2464], [0.4859, 6.6934], [0.486, 91.608], [0.4861, 5.1102], [0.4863, 2095.165], [0.4864, 6.5407], [0.4865, 56.3366], [0.4866, 17.071], [0.4867, 19.9281], [0.4868, 15.886], [0.4869, 2095.3641], [0.487, 21980.0767], [0.4871, 21611.8284], [0.4872, 44.5263], [0.4873, 156.3458], [0.4874, 23.6371], [0.4875, 2297.2495], [0.4876, 54.0244], [0.4878, 58201.0831], [0.4879, 581.2209], [0.488, 75.1256], [0.4881, 2097.1004], [0.4882, 49.2138], [0.4883, 133.1889], [0.4884, 54.4948], [0.4885, 11.8334], [0.4886, 4.5514], [0.4887, 2214.0195], [0.4888, 98.9365], [0.4889, 8.4396], [0.489, 26.3771], [0.4891, 124.7669], [0.4892, 468.0677], [0.4893, 2127.3446], [0.4894, 13930.0332], [0.4895, 440.2789], [0.4896, 20.7577], [0.4897, 11.3032], [0.4899, 68.4821], [0.49, 6644.5495], [0.4901, 5.7552], [0.4902, 40176.4501], [0.4903, 1.1058], [0.4904, 25.1171], [0.4905, 25.0808], [0.4906, 626.326], [0.4907, 70.3928], [0.4908, 28.7665], [0.4909, 6.4832], [0.491, 102.4168], [0.4911, 24.3726], [0.4912, 18.1849], [0.4913, 146.5683], [0.4914, 4.1496], [0.4915, 119.8474], [0.4916, 1.0], [0.4917, 5.6708], [0.4918, 1.05], [0.4919, 1.0], [0.492, 192.6931], [0.4921, 23.6604], [0.4922, 50.4906], [0.4923, 12.022], [0.4924, 34.2854], [0.4925, 25.7228], [0.4926, 48.3295], [0.4927, 2.6528], [0.4928, 56.542], [0.4929, 1.0], [0.493, 15.5447], [0.4931, 58.6302], [0.4932, 272.5819], [0.4933, 19.7373]], "timestamp": 1733142691092, "datetime": "2024-12-02T12:31:31.092Z", "nonce": 1236613355, "exchange": "kucoin"}, null, {"symbol": "APE/USDT", "bids": [[1.489, 6533.32], [1.488, 25034.38], [1.487, 23127.24], [1.486, 25760.54], [1.485, 14937.92], [1.484, 9539.16], [1.483, 17324.85], [1.482, 6194.0], [1.481, 10615.29], [1.48, 8521.61], [1.479, 2375.81], [1.478, 2580.88], [1.477, 9908.21], [1.476, 54138.73], [1.475, 3308.76], [1.474, 2317.31], [1.473, 9476.0], [1.472, 3080.93], [1.471, 8440.23], [1.47, 35588.74], [1.469, 1736.15], [1.468, 4150.86], [1.467, 2178.0], [1.466, 2021.4], [1.465, 1573.01], [1.464, 4813.58], [1.463, 1889.66], [1.462, 1988.92], [1.461, 1959.48], [1.46, 1856.24], [1.459, 919.53], [1.458, 1852.1], [1.457, 174.8], [1.456, 1528.24], [1.455, 488.58], [1.454, 96.51], [1.453, 65.92], [1.452, 267.09], [1.451, 403.84], [1.45, 230.44], [1.449, 249.5], [1.448, 1470.25], [1.447, 152.98], [1.446, 31.8], [1.445, 36.0], [1.444, 49.07], [1.443, 37.49], [1.442, 1565.43], [1.441, 54.64], [1.44, 7445.62], [1.439, 21.7], [1.438, 39.89], [1.437, 34.08], [1.436, 214.69], [1.435, 107.99], [1.434, 77.78], [1.433, 147.22], [1.432, 163.72], [1.431, 410.99], [1.43, 796.07], [1.429, 205.48], [1.428, 63.27], [1.427, 168.31], [1.426, 1659.35], [1.425, 122.55], [1.424, 108.76], [1.423, 144.3], [1.422, 14.32], [1.421, 149.95], [1.42, 17418.02], [1.419, 77.95], [1.418, 792.94], [1.417, 46.39], [1.416, 14.12], [1.415, 114.17], [1.414, 813.64], [1.413, 50.64], [1.412, 67.08], [1.411, 176.64], [1.41, 14611.14], [1.409, 27.82], [1.408, 47.94], [1.407, 133.51], [1.406, 99.34], [1.405, 818.64], [1.404, 27.19], [1.403, 754.74], [1.402, 78.84], [1.401, 305.29], [1.4, 16733.06], [1.399, 56.73], [1.398, 166.24], [1.397, 49.18], [1.396, 83.07], [1.395, 61.77], [1.394, 30.74], [1.393, 52.02], [1.392, 136.35], [1.391, 25.48], [1.39, 422.38]], "asks": [[1.49, 9351.58], [1.491, 21975.4], [1.492, 29734.46], [1.493, 42785.47], [1.494, 23431.15], [1.495, 11180.87], [1.496, 7088.4], [1.497, 6628.44], [1.498, 7576.01], [1.499, 3074.29], [1.5, 34560.55], [1.501, 3833.24], [1.502, 2436.18], [1.503, 2858.26], [1.504, 3391.67], [1.505, 4647.53], [1.506, 1068.78], [1.507, 1750.12], [1.508, 1742.13], [1.509, 2439.67], [1.51, 10092.48], [1.511, 1119.17], [1.512, 777.19], [1.513, 1412.48], [1.514, 3656.6], [1.515, 41.89], [1.516, 43.82], [1.517, 27.02], [1.518, 1675.46], [1.519, 194.72], [1.52, 4291.53], [1.521, 131.24], [1.522, 12.26], [1.523, 85.78], [1.524, 184.51], [1.525, 1770.13], [1.526, 32.55], [1.527, 21.96], [1.528, 32.56], [1.529, 32.68], [1.53, 3413.1], [1.531, 1698.14], [1.532, 360.41], [1.533, 33.81], [1.534, 246.07], [1.535, 42.36], [1.536, 319.03], [1.537, 6785.22], [1.538, 123.1], [1.539, 5.92], [1.54, 183.46], [1.541, 272.35], [1.542, 150.11], [1.543, 59.37], [1.544, 1102.36], [1.545, 51.85], [1.546, 39.45], [1.547, 19.07], [1.548, 19.68], [1.549, 368.37], [1.55, 2662.83], [1.551, 260.84], [1.552, 60.14], [1.553, 70.81], [1.554, 128.42], [1.555, 26.16], [1.556, 58.92], [1.557, 118.88], [1.558, 684.23], [1.559, 546.15], [1.56, 2512.99], [1.561, 126.0], [1.562, 14.2], [1.563, 91.31], [1.564, 143.68], [1.565, 815.63], [1.566, 266.71], [1.567, 9.41], [1.568, 876.65], [1.569, 47.93], [1.57, 1831.03], [1.571, 19.01], [1.572, 19.34], [1.573, 90.65], [1.574, 78.35], [1.575, 27.56], [1.576, 9452.13], [1.577, 512.6], [1.578, 4653.41], [1.579, 516.54], [1.58, 421.12], [1.581, 186.18], [1.582, 82.24], [1.583, 76.47], [1.584, 46.81], [1.585, 15.09], [1.586, 136.88], [1.587, 124.55], [1.588, 3085.13], [1.589, 4.05]], "timestamp": null, "datetime": null, "nonce": 4035373475, "exchange": "binance"}, null, {"symbol": "MANA/USDT", "bids": [[0.61506, 684.0], [0.61503, 307.5207], [0.61496, 342.0], [0.6149, 162.557], [0.61489, 342.0], [0.61484, 169.2658], [0.61482, 342.0], [0.61478, 957.55], [0.61475, 342.0], [0.61472, 1301.3953], [0.61469, 879.6908], [0.61468, 342.0], [0.6146, 1221.2299], [0.61459, 10097.89], [0.61446, 162.5186], [0.61445, 1301.9654], [0.61435, 342.0], [0.6143, 533.3581], [0.61429, 3313.4526], [0.61428, 342.0], [0.61427, 802.6713], [0.61418, 342.0], [0.61411, 1563.2299], [0.61404, 342.0], [0.61398, 2486.0725], [0.61386, 342.0], [0.61382, 3313.4526], [0.61381, 802.6713], [0.6138, 1221.2299], [0.61379, 342.0], [0.61356, 1520.7625], [0.61342, 342.0], [0.6134, 2306.8498], [0.61336, 5543.2027], [0.61335, 342.0], [0.61328, 1304.4469], [0.61321, 10000.0], [0.6132, 342.0], [0.61317, 1221.2299], [0.61313, 342.0], [0.61304, 148.0751], [0.61303, 342.0], [0.61297, 3313.4526], [0.61296, 1144.6713], [0.61294, 10559.91], [0.61289, 342.0], [0.61286, 1221.2299], [0.61282, 342.0], [0.61275, 2953.1464], [0.61257, 3313.4526], [0.61256, 802.6713], [0.61247, 342.0], [0.61243, 1221.2299], [0.6124, 342.0], [0.6121, 3313.4526], [0.61209, 802.6713], [0.61206, 1221.2299], [0.61205, 342.0], [0.61198, 2518.4937], [0.61173, 3313.4526], [0.61172, 802.6713], [0.61171, 1221.2299], [0.61136, 3313.4526], [0.61135, 802.6713], [0.61134, 1221.2299], [0.61099, 3313.4526], [0.61098, 802.6713], [0.61097, 1221.2299], [0.61077, 2.08], [0.61061, 3313.4526], [0.6106, 802.6713], [0.61059, 1232.4931], [0.61044, 2.8078], [0.61037, 6.4489], [0.61027, 1221.2299], [0.61024, 3313.4526], [0.61023, 802.6713], [0.61, 2.3697], [0.6099, 1221.2299], [0.60986, 3313.4526], [0.60985, 1.2325], [0.60984, 802.6713], [0.6098, 17.0143], [0.60963, 1.7052], [0.60959, 84.6785], [0.60954, 4.6083], [0.60952, 4.3965], [0.60951, 1221.2299], [0.60948, 3313.4526], [0.60947, 802.6713], [0.60934, 1.0], [0.60921, 1.3262], [0.60907, 3313.4526], [0.60905, 802.6713], [0.60896, 1221.2299], [0.6088, 1.2866], [0.60868, 3313.4526], [0.60831, 19.7795], [0.608, 8.9868], [0.6079, 6.6607]], "asks": [[0.61517, 684.0], [0.61532, 324.709], [0.61533, 342.0], [0.6154, 342.0], [0.61545, 957.58], [0.61547, 649.5207], [0.61554, 342.0], [0.6156, 162.4966], [0.61561, 342.0], [0.61567, 1221.2299], [0.61568, 1641.3861], [0.61575, 342.0], [0.61579, 6.7289], [0.61582, 342.0], [0.61583, 2.9119], [0.61587, 3313.4526], [0.61588, 9750.75], [0.61589, 342.0], [0.61591, 533.3581], [0.61596, 342.0], [0.616, 3.1844], [0.61601, 9.2326], [0.61603, 342.0], [0.61605, 1299.7024], [0.6161, 342.0], [0.61616, 1222.5165], [0.61617, 343.3262], [0.61621, 1.3024], [0.61624, 342.0], [0.61626, 3.7061], [0.61629, 802.6713], [0.6163, 3313.4526], [0.61631, 342.0], [0.61633, 1.7033], [0.61634, 1.9842], [0.61645, 342.0], [0.6165, 16.7411], [0.61652, 342.0], [0.61655, 4.5705], [0.61657, 1221.2299], [0.61659, 342.0], [0.61664, 2306.8498], [0.61665, 1178.7625], [0.61666, 342.0], [0.61669, 1427.0788], [0.61672, 2594.4016], [0.61673, 342.0], [0.61678, 802.6713], [0.61679, 3313.4526], [0.6168, 342.0], [0.61686, 2.0695], [0.61687, 1638.8755], [0.61691, 1221.2299], [0.61694, 342.0], [0.61698, 84.4622], [0.61704, 641.5081], [0.61707, 10000.0], [0.61708, 342.0], [0.61715, 1144.6713], [0.61716, 641.5081], [0.61723, 144.7799], [0.61725, 1221.2299], [0.61732, 1.2582], [0.61735, 8.9909], [0.61746, 33.8958], [0.6175, 4.6397], [0.61752, 802.6713], [0.61753, 3313.4526], [0.61754, 10563.31], [0.61776, 2519.5134], [0.61784, 2.1993], [0.61793, 1221.2299], [0.61795, 2452.7645], [0.61798, 802.6713], [0.61799, 3333.2321], [0.618, 2.4382], [0.61804, 8.4078], [0.61805, 1.2325], [0.6181, 1.0], [0.6182, 6.1905], [0.61822, 84.6785], [0.61835, 802.6713], [0.61836, 3313.4526], [0.61839, 5.5103], [0.61847, 6.4489], [0.61848, 1.571], [0.6185, 1.0489], [0.61854, 4.8991], [0.61858, 4.6083], [0.61861, 1221.2299], [0.61866, 6.9847], [0.61867, 1.2376], [0.6187, 1.136], [0.61872, 802.6713], [0.61873, 3313.4526], [0.61888, 2.6398], [0.61897, 11.2632], [0.619, 18.3635], [0.61907, 1.2693], [0.61918, 802.6713]], "timestamp": 1733142691150, "datetime": "2024-12-02T12:31:31.150Z", "nonce": 1945575468, "exchange": "kucoin"}, null, {"symbol": "MATIC/USD", "bids": [[0.5921, 3321.258, 1733142699], [0.592, 5182.877, 1733142700], [0.5919, 5183.687, 1733142699], [0.5918, 978.293, 1733142700], [0.5917, 8450.229, 1733142698], [0.5916, 1696.842, 1733142689], [0.5913, 380.801, 1733142686], [0.5912, 17170.164, 1733142700], [0.5911, 3423.064, 1733142664], [0.5908, 158.0, 1733142678], [0.5903, 139.0, 1733142640], [0.5899, 16950.685, 1733142653], [0.5893, 16967.887, 1733142696], [0.5891, 3306.158, 1733142696], [0.589, 3306.158, 1733142696], [0.5888, 4409.778, 1733142696], [0.5887, 5512.223, 1733142696], [0.5883, 14338.213, 1733142696], [0.5879, 8827.61, 1733142685], [0.5874, 9932.599, 1733142696], [0.5867, 11045.755, 1733142685], [0.5866, 7792.554, 1733142685], [0.5859, 17066.798, 1733142685], [0.5851, 10818.378, 1733142622], [0.5841, 155.421, 1733142673], [0.584, 5173.047, 1733142661], [0.5838, 19.128, 1733142534], [0.5836, 2128.301, 1733142525], [0.5827, 5413.263, 1733142675], [0.5825, 13458.647, 1733142661], [0.5807, 28.898, 1733142539], [0.5803, 8.313, 1733142458], [0.58, 19.253, 1733142400], [0.5797, 17.197, 1733142661], [0.5796, 2649.469, 1733142661], [0.5785, 1123.415, 1733142556], [0.5783, 10.376, 1733142563], [0.5772, 168.126, 1733142456], [0.5763, 11.466, 1733141873], [0.5762, 19.38, 1733141361], [0.5761, 49.968, 1733142387], [0.5758, 50.523, 1733142557], [0.5755, 29.159, 1733142258], [0.5754, 150.795, 1733141937], [0.5745, 8.397, 1733141777], [0.5742, 79.228, 1733141900], [0.5736, 39.287, 1733141947], [0.5734, 1598.044, 1733142679], [0.5729, 25.34, 1733142228], [0.5725, 121.129, 1733141902], [0.5722, 50.946, 1733141898], [0.5721, 50.85, 1733142557], [0.572, 2696.594, 1733142662], [0.571, 155.987, 1733138021], [0.5703, 145.761, 1733138271], [0.5702, 80.885, 1733141776], [0.57, 30.0, 1733142437], [0.5699, 131.217, 1733142690], [0.5697, 291.093, 1733142696], [0.5696, 8253.945, 1733142696], [0.5695, 60237.937, 1733141540], [0.5692, 10.89, 1733138209], [0.5688, 187.749, 1733138245], [0.5687, 8.482, 1733138183], [0.5682, 11.629, 1733138154], [0.5675, 123.369, 1733137871], [0.5674, 152.921, 1733137918], [0.5671, 1722.169, 1733138160], [0.5664, 57.469, 1733137721], [0.5662, 38.321, 1733137871], [0.5659, 1643.792, 1733142558], [0.5658, 6.0, 1733137801], [0.5657, 77.898, 1733137895], [0.5652, 79.851, 1733137945], [0.5651, 19.761, 1733138553], [0.5645, 25.717, 1733131921], [0.5643, 92.327, 1733138215], [0.5641, 17.67, 1733142663], [0.5639, 39.396, 1733137065], [0.5637, 101.62, 1733137065], [0.5634, 53.73, 1733141758], [0.5631, 8.567, 1733139418], [0.5619, 158.513, 1733128677], [0.5617, 21.787, 1733137126], [0.5614, 19.891, 1733138647], [0.5613, 10.897, 1733137744], [0.5605, 59.317, 1733142557], [0.5604, 168.137, 1733141170], [0.5603, 12.056, 1733140755], [0.56, 100030.0, 1733142418], [0.5595, 155.081, 1733022116], [0.5594, 55.433, 1733112412], [0.5591, 49.963, 1733054616], [0.5583, 167.77, 1733141854], [0.5582, 1598.044, 1733131121], [0.5578, 20.019, 1733129195], [0.5576, 1367.805, 1733142513], [0.5574, 8.654, 1733032523], [0.5569, 39.289, 1733041695], [0.5567, 63.083, 1733142600]], "asks": [[0.5922, 38.676, 1733142670], [0.5925, 160.951, 1733142699], [0.5926, 4218.978, 1733142699], [0.5927, 5233.369, 1733142699], [0.5928, 1059.88, 1733142699], [0.5929, 11963.34, 1733142699], [0.593, 85.57, 1733142698], [0.5931, 16886.448, 1733142672], [0.5932, 18.985, 1733142653], [0.5937, 16845.117, 1733142668], [0.5938, 38.715, 1733133344], [0.5941, 28.625, 1733132172], [0.5943, 378.731, 1733142690], [0.5944, 16.878, 1733142654], [0.5945, 148.613, 1733142671], [0.5946, 16819.658, 1733142686], [0.5948, 77.846, 1733131112], [0.5949, 8.226, 1733128793], [0.5952, 16822.891, 1733142640], [0.5954, 130.75, 1733131935], [0.5956, 11.215, 1733137244], [0.5961, 19.7, 1733136821], [0.5963, 49.108, 1733136787], [0.597, 18.863, 1733142654], [0.5971, 2147.749, 1733142557], [0.5973, 16.796, 1733142655], [0.5975, 165.172, 1733128792], [0.5982, 113.807, 1733129551], [0.5985, 16709.622, 1733142653], [0.5989, 10.146, 1733142563], [0.5994, 148.5, 1733142196], [0.5995, 28.368, 1733132171], [0.5998, 11.137, 1733131535], [0.6006, 16.705, 1733142656], [0.6007, 100.862, 1733128595], [0.6008, 38.676, 1733131923], [0.6009, 26.886, 1733127972], [0.6014, 301.856, 1733142558], [0.6019, 99.88, 1733128101], [0.602, 78.485, 1733128793], [0.6021, 150.829, 1733128103], [0.6024, 44.779, 1733132033], [0.6025, 181.876, 1733142638], [0.6026, 341.52, 1733141073], [0.6028, 237.304, 1733128124], [0.6029, 146.553, 1733127973], [0.6038, 301.155, 1733127796], [0.604, 11.059, 1733131528], [0.6041, 16.607, 1733142656], [0.6043, 128.812, 1733127906], [0.6048, 18.621, 1733127667], [0.6049, 28.116, 1733132160], [0.6053, 125.592, 1733127904], [0.6064, 165.172, 1733127808], [0.607, 8.062, 1733142411], [0.6071, 235.612, 1733127884], [0.6078, 300.214, 1733141073], [0.608, 16.501, 1733142657], [0.6081, 1598.044, 1733142656], [0.6083, 10.982, 1733131526], [0.6087, 18.5, 1733127613], [0.6093, 94.671, 1733128940], [0.6097, 38.676, 1733138179], [0.6098, 71.885, 1733142673], [0.6099, 1701.042, 1733141645], [0.61, 328.112, 1733137321], [0.6104, 27.864, 1733132176], [0.6109, 24.188, 1733137818], [0.611, 99.88, 1733140461], [0.6114, 233.943, 1733127826], [0.6119, 148.413, 1733127655], [0.6126, 126.301, 1733142673], [0.6127, 187.447, 1733141834], [0.6131, 316.376, 1733141393], [0.6134, 126.909, 1733141882], [0.6154, 165.172, 1733141882], [0.6157, 232.298, 1733141587], [0.616, 75.158, 1733141529], [0.6165, 18.267, 1733141934], [0.6169, 63.459, 1733140606], [0.6174, 44.779, 1733141014], [0.6187, 38.676, 1733142520], [0.6188, 240.161, 1733142267], [0.6193, 7.902, 1733142462], [0.62, 196.34, 1733142362], [0.6201, 229.038, 1733142423], [0.6204, 118.031, 1733142334], [0.6213, 107.98, 1733142656], [0.6214, 38.119, 1733142689], [0.6215, 186.633, 1733136629], [0.6218, 146.049, 1733142664], [0.6222, 768.691, 1733142699], [0.6223, 1202.325, 1733142666], [0.6224, 3379.652, 1733142546], [0.6225, 295.082, 1733142605], [0.6226, 125.041, 1733142607], [0.6228, 993.367, 1733134666], [0.623, 30.226, 1733134572], [0.6233, 976.453, 1733136741], [0.6241, 698.39, 1733142690]], "timestamp": null, "datetime": null, "nonce": null, "exchange": "kraken"}, {"symbol": "MATIC/USD", "bids": [[0.60212, 162.2425206], [0.60211, 231.83183124], [0.60198, 292.23443876], [0.59531, 20.04811548], [0.5953, 334.79497563], [0.592, 2202.1432408], [0.59093, 334.79497563], [0.5882, 334.79497563], [0.58704, 488.0], [0.587, 25000.0], [0.58581, 1467.55514378], [0.5851, 1717.69634133], [0.58383, 334.79497563], [0.58361, 17.30780829], [0.58289, 1598.0], [0.58001, 334.79497563], [0.57805, 2998.0], [0.578, 1730.104], [0.57618, 334.79497563], [0.573, 500.0], [0.57236, 334.79497563], [0.57203, 1998.0], [0.572, 250.0], [0.56854, 334.79497563], [0.56693, 6.0]], "asks": [[0.6179, 10063.56869052], [0.61791, 324.91748411], [0.62, 250.0], [0.621, 999.0], [0.62128, 324.91748411], [0.62406, 324.91748411], [0.6252, 22.35927834], [0.62799, 324.91748411], [0.63099, 21.42074347], [0.631, 999.0], [0.6331, 235.62846804], [0.63335, 488.0], [0.635, 999.0], [0.63762, 1922.91748411], [0.64, 999.0], [0.64216, 324.91748411], [0.64256, 2998.0], [0.644, 250.0], [0.645, 100380.14418], [0.6461, 324.91748411], [0.64874, 1998.0], [0.64888, 11.49246806], [0.65, 1035.0], [0.65005, 324.91748411], [0.65229, 11000.3]], "timestamp": null, "datetime": null, "nonce": null, "exchange": "bitfinex"}, {"symbol": "MATIC/USDT", "bids": [[0.5905, 361.77, 1733142700], [0.5904, 852.077, 1733142700], [0.59, 847.416, 1733142698], [0.5899, 2542.247, 1733142698], [0.5836, 1514.393, 1733142696], [0.5829, 9337.815, 1733142691], [0.5828, 32794.278, 1733142682], [0.5792, 759.28, 1733142673], [0.5791, 1518.56, 1733142673], [0.5788, 2278.225, 1733142673], [0.5785, 3037.633, 1733142673], [0.5781, 3797.683, 1733142673], [0.5777, 4557.22, 1733142673], [0.5773, 5315.805, 1733142684], [0.5766, 6076.232, 1733142684], [0.5764, 30.441, 1733142501], [0.5758, 6835.761, 1733142684], [0.5749, 7596.005, 1733142684], [0.5745, 115.014, 1733142469], [0.5744, 516.372, 1733142673], [0.5733, 43.31, 1733142374], [0.5718, 3497.727, 1733142547], [0.5707, 41.222, 1733142374], [0.5702, 35.076, 1733142362], [0.5684, 1669.696, 1733142404], [0.5683, 252.58, 1733142041], [0.5682, 104.837, 1733141799], [0.5681, 46.327, 1733142006], [0.5677, 152.523, 1733141753], [0.5676, 30.444, 1733141745], [0.5667, 43.31, 1733141799], [0.5666, 61.294, 1733141833], [0.5661, 8.441, 1733141799], [0.5657, 277.07, 1733141383], [0.5649, 33.879, 1733141510], [0.5648, 286.947, 1733141695], [0.5631, 1685.482, 1733142656], [0.563, 26.326, 1733141211], [0.5621, 337.757, 1733142689], [0.562, 51.496, 1733141300], [0.5601, 620.509, 1733142689], [0.56, 9067.269, 1733141429], [0.5599, 8.535, 1733138802], [0.5593, 530.313, 1733138045], [0.559, 30.442, 1733138010], [0.5588, 8947.746, 1733141418], [0.5569, 308.84, 1733137871], [0.555, 6.0, 1733137280], [0.5542, 35.309, 1733140856], [0.5539, 1805.381, 1733142608], [0.5538, 8.629, 1733139551], [0.5535, 72.359, 1733133435], [0.5533, 43.31, 1733129207], [0.5507, 9997.431, 1733142661], [0.5506, 1723.675, 1733142220], [0.5505, 457.525, 1733136714], [0.5498, 456.414, 1733137579], [0.5493, 26.982, 1733130485], [0.5489, 188.542, 1733033697], [0.5483, 683.323, 1733142574], [0.548, 456.205, 1733124997], [0.5467, 43.31, 1733137228], [0.5464, 10459.371, 1733141332], [0.5446, 544.627, 1732934166], [0.5431, 50.0, 1732917310], [0.5421, 30.442, 1733044421], [0.5405, 36.204, 1733137903], [0.5403, 925.412, 1732947956], [0.54, 43.31, 1733136103], [0.5391, 74.291, 1733070600], [0.5388, 50.0, 1732809499], [0.5376, 54.657, 1733110363], [0.5359, 27.657, 1732986000], [0.5339, 30.444, 1733063400], [0.5338, 115.645, 1733111093], [0.5325, 5894.625, 1733142619], [0.5323, 862.962, 1733141317], [0.5322, 662.649, 1733125358], [0.532, 100.0, 1733054400], [0.531, 3333.3, 1733142610], [0.5306, 1093.519, 1733142574], [0.5304, 188.537, 1732960208], [0.5303, 559.314, 1733080060], [0.5302, 195.192, 1733134100], [0.5282, 47.112, 1733141615], [0.5278, 6416.365, 1733142622], [0.5271, 37.124, 1733136364], [0.5258, 30.441, 1733023800], [0.525, 76.287, 1732894601], [0.5228, 28.35, 1733037580], [0.522, 478.928, 1732909718], [0.5218, 100.0, 1732911622], [0.52, 20.0, 1733090431], [0.5178, 30.444, 1732874488], [0.5163, 574.48, 1732865770], [0.5141, 38.063, 1732826523], [0.5121, 202.091, 1732807642], [0.5113, 178.331, 1732807696], [0.5103, 1036.63, 1733125358], [0.5101, 29.056, 1733091984]], "asks": [[0.5922, 51.609, 1733142667], [0.5923, 33.984, 1733142695], [0.5924, 126.0, 1733142698], [0.5925, 190.54, 1733142698], [0.5926, 103.341, 1733142698], [0.5927, 843.682, 1733142698], [0.5928, 2530.466, 1733142698], [0.5931, 194.478, 1733130094], [0.5933, 68.941, 1733130482], [0.5936, 68.683, 1733129830], [0.5959, 30.021, 1733133556], [0.5983, 190.54, 1733137580], [0.5986, 1767.215, 1733129207], [0.6, 76.813, 1733129203], [0.6009, 216.256, 1733130450], [0.6015, 68.501, 1733128823], [0.6018, 863.821, 1733131386], [0.6026, 81.852, 1733129745], [0.6041, 190.54, 1733142378], [0.6042, 461.651, 1733137579], [0.605, 595.923, 1733132888], [0.6051, 30.021, 1733127808], [0.6056, 220.688, 1733140832], [0.6058, 502.804, 1733128083], [0.6067, 43.31, 1733129208], [0.6081, 25.007, 1733138227], [0.6092, 175.885, 1733138173], [0.6115, 190.678, 1733130887], [0.6131, 188.478, 1733142656], [0.6132, 643.461, 1733141806], [0.6133, 78.37, 1733141805], [0.6139, 1299.72, 1733129297], [0.6141, 41.918, 1733125857], [0.6144, 71.925, 1733125433], [0.6152, 32.679, 1733125045], [0.6167, 17.016, 1733129247], [0.6176, 256.167, 1733142698], [0.6177, 1177.316, 1733129212], [0.6188, 360.242, 1733128884], [0.6197, 108.604, 1733138981], [0.62, 43.31, 1733138515], [0.6219, 189.122, 1733142184], [0.622, 6219.431, 1733142433], [0.6221, 476.779, 1733132768], [0.6233, 24.397, 1733124955], [0.6239, 13.909, 1733126488], [0.6246, 60.108, 1733127829], [0.626, 75.313, 1733130482], [0.6307, 169.88, 1733124877], [0.6308, 31.82, 1733124893], [0.6317, 57.218, 1733129211], [0.6321, 75.313, 1733126427], [0.6341, 64.884, 1733128110], [0.635, 393.701, 1733127542], [0.6365, 861.676, 1733129100], [0.6382, 75.313, 1733126427], [0.6389, 489.607, 1733124944], [0.639, 23.765, 1733124856], [0.6402, 2038.3, 1733125987], [0.6428, 674.067, 1733141756], [0.6444, 75.313, 1733126427], [0.6469, 31.03, 1733124898], [0.6511, 63.189, 1733127593], [0.6529, 164.089, 1733127755], [0.6541, 166.9, 1733125533], [0.6542, 4853.197, 1733142623], [0.6549, 23.186, 1733124860], [0.6561, 464.242, 1733124852], [0.66, 1180.0, 1733124857], [0.6634, 30.259, 1733124895], [0.6685, 61.543, 1733124854], [0.67, 373.135, 1733127099], [0.6713, 22.622, 1733124859], [0.676, 158.51, 1733124835], [0.6785, 160.929, 1733125534], [0.6792, 16900.023, 1733141805], [0.6793, 4002.315, 1733124854], [0.6803, 29.508, 1733124900], [0.6881, 22.067, 1733124858], [0.6884, 600.0, 1733142386], [0.69, 2718.804, 1733132540], [0.694, 7913.0, 1733129196], [0.6965, 16.057, 1733124854], [0.698, 30.309, 1733124832], [0.699, 4568.0, 1720926493], [0.6999, 147.865, 1722995672], [0.7, 481.573, 1733102278], [0.7037, 155.142, 1717783366], [0.7053, 21.563, 1717783272], [0.7068, 310.251, 1732098446], [0.707, 15.822, 1717783241], [0.7077, 619.841, 1733128285], [0.71, 352.113, 1717784831], [0.7156, 12.666, 1733002089], [0.7175, 15.591, 1717781970], [0.7182, 610.79, 1732924471], [0.72, 1652.696, 1733059124], [0.723, 21.035, 1717781970], [0.7243, 12.514, 1733106535], [0.7246, 142.825, 1722995672]], "timestamp": null, "datetime": null, "nonce": null, "exchange": "kraken"}, {"symbol": "MATIC/USDT", "bids": [[0.59205, 1173.23201829], [0.59204, 416.46075268], [0.59203, 231.98261109], [0.59177, 1657.82806957], [0.58636, 170.108272], [0.57964, 187.0], [0.57196, 1007.0], [0.56426, 1387.0], [0.56128, 1277.0], [0.54, 200.0], [0.5383, 1857.67062667], [0.53284, 499.0], [0.501, 2421.39627707], [0.5, 10010.0], [0.48802, 200.0], [0.48, 10.0], [0.45, 40000.0], [0.42, 1000.0], [0.41, 130.0], [0.40109, 595.101456], [0.39688, 100.0], [0.39, 8144.279839], [0.36, 6787.792257], [0.35168, 300.0], [0.35, 1000.00001576]], "asks": [[0.62989, 2872.04523702], [0.6299, 150.42800556], [0.63, 30000.0], [0.64313, 187.0], [0.6513, 1007.0], [0.65946, 1387.0], [0.6626, 1277.0], [0.69294, 499.0], [0.69412, 206.292032], [0.71773, 130.42676], [0.73, 55.74], [0.75, 135.0188], [0.75886, 100.0], [0.78083, 1015.458795], [0.7998, 15254.0], [0.8, 2.785893], [0.81, 329.981912], [0.82236, 24.119381], [0.83322, 62.60672], [0.84, 50.0], [0.8448, 1400.0], [0.90106, 299.512003], [0.91008, 485.0], [0.92, 7.992], [0.95944, 500.0]], "timestamp": null, "datetime": null, "nonce": null, "exchange": "bitfinex"}, {"symbol": "MATIC/BTC", "bids": [[6.2e-06, 12817.735, 1733142675], [6.19e-06, 6322.665, 1733142675], [6.18e-06, 4235.644, 1733142670], [6.15e-06, 1324.304, 1733142651], [6.14e-06, 4268.613, 1733142627], [6.11e-06, 11.074, 1733142683], [6.1e-06, 12030.872, 1733142368], [6.08e-06, 379.339, 1733142638], [6.07e-06, 217.201, 1733142555], [6.06e-06, 49031.66, 1733142457], [6.05e-06, 45.954, 1733142213], [6.02e-06, 412.912, 1733141343], [6.01e-06, 2200.769, 1733142654], [6e-06, 10005.52, 1733142491], [5.99e-06, 399.181, 1733140943], [5.98e-06, 159.404, 1733137981], [5.97e-06, 309.792, 1733142655], [5.96e-06, 970.06, 1733138140], [5.93e-06, 583.011, 1733135738], [5.92e-06, 601.416, 1733142643], [5.91e-06, 906.211, 1733128462], [5.89e-06, 161.109, 1733134337], [5.87e-06, 170.924, 1733142643], [5.86e-06, 4266.212, 1733127676], [5.83e-06, 886.597, 1733138215], [5.81e-06, 714.02, 1733141743], [5.8e-06, 1243.013, 1733142271], [5.79e-06, 172.164, 1733142610], [5.78e-06, 66.974, 1733139865], [5.77e-06, 953.819, 1733135971], [5.76e-06, 49687.5, 1733142610], [5.75e-06, 697.474, 1733142574], [5.72e-06, 48.664, 1733138548], [5.7e-06, 2170.251, 1733142255], [5.67e-06, 7862.971, 1733142255], [5.65e-06, 4424.779, 1733132616], [5.64e-06, 18.873, 1733140113], [5.63e-06, 48.678, 1733142255], [5.6e-06, 17980.685, 1733142631], [5.59e-06, 114.312, 1733129801], [5.55e-06, 98.69, 1733138312], [5.52e-06, 12.576, 1733119963], [5.51e-06, 2471.498, 1733113986], [5.47e-06, 48.615, 1733127881], [5.44e-06, 14.138, 1733127646], [5.42e-06, 4612.547, 1733121763], [5.39e-06, 22202.615, 1733142609], [5.38e-06, 1000.0, 1733136246], [5.37e-06, 1091.98, 1733132608], [5.31e-06, 48.639, 1733141938], [5.3e-06, 15421.691, 1733142255], [5.29e-06, 19.594, 1733139060], [5.26e-06, 3025.704, 1733130000], [5.23e-06, 62.797, 1733130795], [5.16e-06, 14.133, 1732943488], [5.15e-06, 48.664, 1732923587], [5.09e-06, 14.108, 1732916974], [5.08e-06, 48.675, 1732905477], [5.07e-06, 100.592, 1732916228], [5.02e-06, 14.111, 1732905593], [5e-06, 48.689, 1732917959], [4.98e-06, 50.0, 1732830146], [4.95e-06, 14.114, 1732321313], [4.93e-06, 48.604, 1732321291], [4.88e-06, 14.116, 1732318598], [4.86e-06, 48.615, 1732318378], [4.81e-06, 39.067, 1732455479], [4.79e-06, 48.627, 1732311190], [4.74e-06, 14.122, 1732305900], [4.71e-06, 48.64, 1732303631], [4.68e-06, 14.125, 1732294396], [4.65e-06, 48.651, 1732294211], [4.62e-06, 14.128, 1732290160], [4.58e-06, 48.663, 1732239988], [4.56e-06, 14.13, 1732239099], [4.55e-06, 176.956, 1733108767], [4.51e-06, 48.676, 1732227083], [4.5e-06, 14.133, 1732218557], [4.44e-06, 62.794, 1732191288], [4.41e-06, 27.211, 1732455492], [4.4e-06, 2272.728, 1732345412], [4.38e-06, 14.107, 1732185965], [4.37e-06, 48.594, 1731753919], [4.32e-06, 14.11, 1731752936], [4.3e-06, 17.425, 1731743829], [4.26e-06, 14.113, 1731743408], [4.23e-06, 48.619, 1733096110], [4.2e-06, 14.116, 1731742977], [4.16e-06, 48.633, 1732951778], [4.14e-06, 14.118, 1731742362], [4.09e-06, 48.647, 1731729649], [4.08e-06, 14.121, 1731727850], [4.02e-06, 62.785, 1731714513], [4.01e-06, 34.913, 1732455505], [3.96e-06, 14.128, 1731702025], [3.95e-06, 48.676, 1731702005], [3.91e-06, 14.13, 1731697993], [3.9e-06, 6.0, 1731646741], [3.89e-06, 48.756, 1731699553], [3.72e-06, 50.0, 1729892856]], "asks": [[6.22e-06, 4472.31, 1733142698], [6.23e-06, 12121.833, 1733142698], [6.24e-06, 4218.533, 1733142608], [6.25e-06, 4872.592, 1733142667], [6.26e-06, 45.19, 1733141974], [6.27e-06, 5734.232, 1733142546], [6.28e-06, 1000.485, 1733142373], [6.29e-06, 539.041, 1733131934], [6.32e-06, 13.973, 1733142624], [6.33e-06, 18.873, 1733140530], [6.35e-06, 238.213, 1733128813], [6.36e-06, 47.943, 1733128539], [6.37e-06, 210.85, 1733142656], [6.38e-06, 1352.565, 1733128717], [6.4e-06, 13.973, 1733137264], [6.41e-06, 91.559, 1733142656], [6.42e-06, 6.0, 1733127962], [6.44e-06, 91.604, 1733142015], [6.45e-06, 91.776, 1733142474], [6.47e-06, 381.719, 1733136266], [6.48e-06, 104.033, 1733140142], [6.5e-06, 13.973, 1733136542], [6.52e-06, 229.29, 1733129304], [6.55e-06, 182.573, 1733142474], [6.56e-06, 357.775, 1733113086], [6.58e-06, 954.022, 1733135435], [6.59e-06, 401.193, 1733139818], [6.6e-06, 1138.381, 1733139717], [6.61e-06, 18.873, 1733129338], [6.65e-06, 154.443, 1733113573], [6.66e-06, 42.427, 1733129051], [6.67e-06, 351.952, 1733128979], [6.68e-06, 13.973, 1733140997], [6.69e-06, 938.044, 1733127794], [6.7e-06, 155.372, 1733120424], [6.75e-06, 66.816, 1733126638], [6.76e-06, 41.788, 1733127491], [6.77e-06, 13.973, 1733124579], [6.79e-06, 99.248, 1733141954], [6.8e-06, 977.005, 1733108601], [6.83e-06, 64.328, 1733130919], [6.85e-06, 47.943, 1733126472], [6.86e-06, 13.973, 1733098346], [6.89e-06, 18.873, 1733142642], [6.9e-06, 5620.0, 1733099163], [6.95e-06, 61.915, 1726311084], [6.99e-06, 50.0, 1729516146], [7.01e-06, 762.735, 1733142611], [7.02e-06, 5000.0, 1733056629], [7.04e-06, 13.973, 1726293556], [7.06e-06, 47.943, 1733054695], [7.07e-06, 65.081, 1733130636], [7.09e-06, 316.958, 1733098734], [7.14e-06, 13.973, 1732803082], [7.16e-06, 47.943, 1733109045], [7.18e-06, 267.238, 1733142651], [7.19e-06, 2003.323, 1733108585], [7.2e-06, 1193.869, 1732563652], [7.23e-06, 13.973, 1732854806], [7.28e-06, 47.943, 1732993843], [7.32e-06, 64.328, 1733130920], [7.33e-06, 13.973, 1733108029], [7.38e-06, 53.943, 1732915977], [7.43e-06, 63.973, 1733139513], [7.44e-06, 65.0, 1728915010], [7.46e-06, 500.0, 1733020023], [7.49e-06, 79.529, 1733142698], [7.5e-06, 10000.0, 1729917526], [7.53e-06, 13.973, 1726235285], [7.6e-06, 47.943, 1733050670], [7.63e-06, 13.973, 1733049569], [7.67e-06, 281.01, 1733142668], [7.68e-06, 14217.67, 1732733613], [7.71e-06, 47.943, 1726234227], [7.73e-06, 13.973, 1726127226], [7.75e-06, 18200.0, 1732998898], [7.79e-06, 667.775, 1733108586], [7.8e-06, 409.123, 1732563652], [7.84e-06, 61.915, 1726127217], [7.85e-06, 43.653, 1733119854], [7.9e-06, 20.0, 1732309921], [7.93e-06, 64.328, 1733130921], [7.94e-06, 13.973, 1724803719], [7.95e-06, 47.943, 1724804169], [7.97e-06, 30.0, 1724960994], [7.99e-06, 50.0, 1729516131], [8.04e-06, 13.973, 1724789782], [8.07e-06, 47.943, 1724788709], [8.14e-06, 14.479, 1732447680], [8.15e-06, 13.973, 1724755107], [8.19e-06, 47.943, 1724677262], [8.25e-06, 400.0, 1732410882], [8.26e-06, 13.973, 1724638051], [8.31e-06, 47.943, 1733109045], [8.37e-06, 13.973, 1724603226], [8.49e-06, 13.973, 1724571577], [8.5e-06, 75.0, 1733119854], [8.6e-06, 113.973, 1727817575], [8.71e-06, 13.973, 1724558724], [8.82e-06, 13.973, 1724549898]], "timestamp": null, "datetime": null, "nonce": null, "exchange": "kraken"}, {"symbol": "MATIC/BTC", "bids": [[6.23e-06, 343.1543953], [6.22e-06, 1047.09967845], [6.21e-06, 2033.01571178], [6.13e-06, 3594.83306882], [4.35e-06, 3083.692022], [4.2e-06, 3193.82388], [1e-06, 616.107859], [1.9e-07, 200.0], [1e-07, 5000.0], [6e-08, 5338.983227]], "asks": [[6.67e-06, 14.28323929], [6.71e-06, 10941.5294294], [9.5e-06, 80.0], [9.59e-06, 74.43002941], [9.89e-06, 2673.779773], [1.4e-05, 60.0], [1.63e-05, 50.0], [1.71e-05, 50.0], [1.76e-05, 50.0], [1.855e-05, 100000.0], [1.89e-05, 500.0], [1.9e-05, 2.0], [1.94e-05, 499.5], [1.987e-05, 200.0], [2.15e-05, 27.0], [2.44e-05, 601.551236], [2.484e-05, 2.0], [2.487e-05, 200.0], [2.5e-05, 223.78459483], [2.59e-05, 700.0], [2.615e-05, 47.952], [2.62e-05, 15.0], [2.749e-05, 1270.5485644], [3.06e-05, 62.937], [3.3e-05, 12.5]], "timestamp": null, "datetime": null, "nonce": null, "exchange": "bitfinex"}, {"symbol": "SEI/USD", "bids": [[0.60631, 455.625, 1733142699], [0.60629, 182.476, 1733142700], [0.60628, 824.702, 1733142699], [0.60627, 455.625, 1733142699], [0.60618, 7.23, 1733142700], [0.60616, 2963.339, 1733142699], [0.60613, 1781.367, 1733142700], [0.60608, 408.488, 1733142699], [0.60573, 455.625, 1733142698], [0.60572, 32.984, 1733142695], [0.60568, 1106.683, 1733142685], [0.60566, 455.625, 1733142699], [0.60555, 4127.0, 1733142700], [0.60554, 5409.824, 1733142699], [0.6055, 8901.58, 1733142698], [0.60547, 455.625, 1733142698], [0.60526, 455.625, 1733142698], [0.60521, 265.0, 1733142699], [0.60519, 455.625, 1733142683], [0.60513, 250.9, 1733142695], [0.60512, 455.625, 1733142700], [0.60511, 3297.0, 1733142700], [0.6051, 9103.4, 1733142700], [0.60505, 455.625, 1733142684], [0.60495, 1721.865, 1733142699], [0.60489, 179.672, 1733142697], [0.60488, 9034.18, 1733142685], [0.60484, 2017.288, 1733142699], [0.60468, 7500.0, 1733142686], [0.60467, 370.0, 1733142700], [0.60459, 2474.6, 1733142652], [0.60438, 1531.2, 1733142651], [0.60414, 301.0, 1733142623], [0.60391, 4791.636, 1733142648], [0.6037, 164.81, 1733142674], [0.60356, 23.978, 1733142647], [0.60339, 164.81, 1733142696], [0.60292, 344.402, 1733142693], [0.60224, 6888.96, 1733142693], [0.60221, 5642.469, 1733142670], [0.60166, 847.155, 1733142695], [0.60123, 2413.202, 1733142693], [0.6012, 5771.5, 1733142670], [0.60106, 164.827, 1733142655], [0.60072, 2208.179, 1733142695], [0.6003, 2758.665, 1733142693], [0.60027, 2954.156, 1733142611], [0.60005, 3103.797, 1733142693], [0.60002, 8471.672, 1733142681], [0.6, 1250.0, 1733142623], [0.59965, 2527.938, 1733142652], [0.59954, 3448.167, 1733142670], [0.59952, 7241.109, 1733142481], [0.59839, 20.44, 1733142353], [0.5981, 3773.321, 1733142494], [0.59797, 2475.04, 1733142600], [0.59783, 12.553, 1733142575], [0.59639, 16.768, 1733140947], [0.59632, 1308.134, 1733142628], [0.59631, 1090.033, 1733142615], [0.59541, 20.542, 1733141570], [0.59504, 2400.0, 1733142699], [0.59486, 1861.696, 1733142459], [0.59466, 13.157, 1733141948], [0.59464, 600.0, 1733142699], [0.59394, 5769.5, 1733142674], [0.59358, 29.67, 1733142460], [0.59305, 502.651, 1733142569], [0.59295, 14.707, 1733141886], [0.59279, 506.34, 1733142201], [0.59249, 35.46, 1733142558], [0.59245, 20.645, 1733140435], [0.59224, 42.604, 1733142011], [0.59197, 12.677, 1733142009], [0.59138, 56.919, 1733140016], [0.59087, 29.964, 1733140699], [0.59001, 16924.315, 1733142607], [0.59, 17796.611, 1733141936], [0.58974, 76.44, 1733141290], [0.58967, 13.268, 1733141318], [0.5895, 20.748, 1733137312], [0.58921, 34.299, 1733137458], [0.58809, 21.544, 1733142674], [0.58796, 7920.302, 1733142698], [0.5878, 17012.59, 1733142698], [0.58778, 1819.965, 1733142206], [0.58743, 2400.0, 1733142699], [0.58712, 15.941, 1733137924], [0.58708, 60.45, 1733134757], [0.58678, 503.581, 1733142421], [0.58661, 600.0, 1733142699], [0.58658, 119.325, 1733142396], [0.58657, 20.852, 1733142697], [0.58645, 10000.0, 1733132810], [0.58638, 27.253, 1733142662], [0.58617, 13.442, 1733137727], [0.58586, 170.69, 1733142542], [0.58523, 122.892, 1733141501], [0.5845, 13.096, 1733136584], [0.58398, 2250.0, 1733138791]], "asks": [[0.60645, 250.9, 1733142698], [0.60657, 18.984, 1733142698], [0.60658, 455.625, 1733142696], [0.60668, 455.625, 1733142684], [0.60675, 455.625, 1733142694], [0.60676, 2286.46, 1733142698], [0.60677, 32.984, 1733142698], [0.60682, 455.625, 1733142685], [0.60687, 364.0, 1733142694], [0.60688, 2471.677, 1733142699], [0.60689, 455.625, 1733142696], [0.60697, 455.625, 1733142699], [0.607, 413.024, 1733142699], [0.60704, 455.625, 1733142698], [0.60707, 1720.471, 1733142700], [0.60711, 455.625, 1733142692], [0.60712, 29225.404, 1733142700], [0.60714, 4127.0, 1733142700], [0.60718, 3752.625, 1733142700], [0.60723, 10441.78, 1733142650], [0.60724, 11005.13, 1733142683], [0.60725, 455.625, 1733142676], [0.60732, 455.625, 1733142650], [0.60736, 13278.396, 1733142698], [0.60739, 475.935, 1733142700], [0.60745, 4938.749, 1733142698], [0.6076, 455.625, 1733142672], [0.60767, 455.625, 1733142682], [0.60769, 367.154, 1733142683], [0.6077, 2474.6, 1733142652], [0.60774, 455.625, 1733142698], [0.60776, 1451.091, 1733142658], [0.60777, 14.56, 1733142599], [0.60781, 455.625, 1733142698], [0.60784, 4546.652, 1733142616], [0.60788, 455.625, 1733142698], [0.60793, 27.344, 1733142647], [0.60802, 59.408, 1733142686], [0.60811, 2017.288, 1733142650], [0.60879, 164.919, 1733142689], [0.60886, 49499.598, 1733142695], [0.60887, 7500.0, 1733142616], [0.60888, 61.437, 1733139871], [0.6091, 164.919, 1733142689], [0.60999, 5496.782, 1733142531], [0.61043, 20.209, 1733132746], [0.61074, 5770.5, 1733142693], [0.61086, 15.016, 1733136888], [0.61098, 499.372, 1733141711], [0.61125, 2170.788, 1733142646], [0.61164, 934.771, 1733142653], [0.61176, 600.0, 1733142699], [0.61191, 2400.0, 1733142699], [0.61196, 7402.258, 1733142636], [0.61215, 164.81, 1733142671], [0.61227, 56.02, 1733142609], [0.61231, 16.779, 1733138896], [0.6124, 53.317, 1733136231], [0.6125, 67.186, 1733139060], [0.61251, 3665.453, 1733142485], [0.61255, 2894.537, 1733142657], [0.61263, 24.364, 1733136243], [0.61273, 13.043, 1733138794], [0.61292, 2473.178, 1733142636], [0.61302, 61.653, 1733139871], [0.6131, 41.937, 1733135987], [0.61327, 249.643, 1733137018], [0.61348, 20.108, 1733135833], [0.6138, 15.472, 1733135816], [0.61456, 66.656, 1733135004], [0.61459, 1861.51, 1733142305], [0.61466, 29.158, 1733134862], [0.61526, 450.162, 1733134694], [0.61529, 115.687, 1733138077], [0.61614, 14.887, 1733142476], [0.61629, 369.805, 1733142482], [0.61655, 20.008, 1733140461], [0.61687, 20.869, 1733132474], [0.61695, 600.0, 1733142699], [0.61716, 62.073, 1733142662], [0.6172, 2400.0, 1733142699], [0.61736, 59.408, 1733141357], [0.6175, 1946.788, 1733140822], [0.61768, 10.88, 1733138149], [0.61808, 66.255, 1733136702], [0.61865, 74.104, 1733139771], [0.61875, 82.575, 1733133476], [0.61877, 493.088, 1733139880], [0.61878, 12.915, 1733139574], [0.61879, 65.855, 1733139577], [0.61889, 492.245, 1733139783], [0.61963, 19.909, 1733141672], [0.6199, 15.32, 1733139408], [0.62005, 26.501, 1733139057], [0.62058, 34.649, 1733141901], [0.62064, 120.091, 1733129315], [0.62066, 7.7, 1733137358], [0.62131, 62.766, 1733139871], [0.62147, 55.191, 1733142010], [0.62149, 7.7, 1733140508]], "timestamp": null, "datetime": null, "nonce": null, "exchange": "kraken"}, {"symbol": "SEI/USD", "bids": [[0.60655, 7454.80218805], [0.60624, 7.7175791], [0.60595, 1722.13580829], [0.60564, 7.22175685], [0.60539, 10.11078314], [0.60504, 19.77249111], [0.60473, 35.51207944], [0.6017, 32.31400287], [0.6001, 19.77717714], [0.59923, 75.69002848], [0.59882, 952.52150829], [0.59862, 75.76715741], [0.5968, 75.99821677], [0.59559, 76.15261467], [0.59442, 348.51910789], [0.59382, 2490.91142614], [0.59256, 76.54201392], [0.5923, 14.32692308], [0.59151, 236.93181818], [0.5901, 244.12878788], [0.58868, 251.32575758], [0.58727, 258.52272727], [0.58655, 8929.36541167], [0.58589, 15.05769231], [0.58585, 265.71969697]], "asks": [[0.60656, 7.49470895], [0.60717, 9.28770817], [0.60751, 7.06501694], [0.60777, 20.46122841], [0.60808, 22.58008675], [0.60809, 1721.82823924], [0.61111, 22.58008676], [0.61398, 10.64885224], [0.61596, 22.58008676], [0.61769, 26.40836767], [0.61899, 22.58008676], [0.62627, 9.95825885], [0.62912, 1631.06978278], [0.63816, 229.21185541], [0.65671, 9.64452472], [0.67, 3253.326349], [0.67033, 5.48185112], [0.7, 100.0], [0.75, 324.35], [0.76, 243.2625], [0.77, 81.0875], [0.771, 2000.0], [0.78, 1987.868981], [0.798, 49940.0], [0.8, 1190.0]], "timestamp": null, "datetime": null, "nonce": null, "exchange": "bitfinex"}, {"symbol": "SOL/USDT", "bids": [[225.14, 319.022], [225.13, 70.498], [225.12, 204.964], [225.11, 132.449], [225.1, 76.177], [225.09, 80.682], [225.08, 196.609], [225.07, 182.145], [225.06, 198.86], [225.05, 112.518], [225.04, 161.875], [225.03, 175.947], [225.02, 278.445], [225.01, 384.627], [225.0, 360.172], [224.99, 84.792], [224.98, 147.083], [224.97, 179.911], [224.96, 87.221], [224.95, 129.2], [224.94, 200.929], [224.93, 312.585], [224.92, 354.044], [224.91, 244.18], [224.9, 233.095], [224.89, 178.601], [224.88, 391.164], [224.87, 114.279], [224.86, 27.215], [224.85, 10.229], [224.84, 37.785], [224.83, 7.715], [224.82, 47.459], [224.81, 91.549], [224.8, 51.828], [224.79, 148.867], [224.78, 298.436], [224.77, 106.131], [224.76, 189.319], [224.75, 107.367], [224.74, 117.335], [224.73, 209.234], [224.72, 66.716], [224.71, 178.316], [224.7, 280.087], [224.69, 605.911], [224.68, 172.599], [224.67, 36.669], [224.66, 67.592], [224.65, 204.975], [224.64, 288.895], [224.63, 16.14], [224.62, 172.779], [224.61, 112.332], [224.6, 26.17], [224.59, 93.556], [224.58, 189.871], [224.57, 2.874], [224.56, 123.255], [224.55, 6.725], [224.54, 134.3], [224.53, 582.866], [224.5, 33.598], [224.49, 449.805], [224.48, 13.881], [224.47, 0.304], [224.46, 60.557], [224.45, 0.2], [224.44, 0.836], [224.43, 29.95], [224.42, 28.762], [224.41, 22.493], [224.4, 56.46], [224.39, 77.718], [224.38, 48.113], [224.37, 44.668], [224.36, 12.771], [224.35, 5.374], [224.34, 48.968], [224.33, 22.469], [224.32, 2.815], [224.31, 49.537], [224.3, 0.12], [224.29, 66.743], [224.28, 78.698], [224.27, 2.856], [224.26, 1.35], [224.25, 31.594], [224.24, 15.008], [224.23, 214.683], [224.22, 44.868], [224.21, 0.876], [224.2, 1.325], [224.19, 94.182], [224.18, 13.588], [224.17, 7.632], [224.16, 13.204], [224.15, 2.811], [224.14, 0.868], [224.13, 13.06]], "asks": [[225.15, 78.679], [225.16, 35.142], [225.17, 17.669], [225.18, 76.151], [225.19, 218.914], [225.2, 359.382], [225.21, 508.708], [225.22, 616.592], [225.23, 23.95], [225.24, 89.006], [225.25, 144.356], [225.26, 297.675], [225.27, 89.901], [225.28, 88.875], [225.29, 65.973], [225.3, 224.533], [225.31, 240.218], [225.32, 310.933], [225.33, 409.768], [225.34, 106.487], [225.35, 253.329], [225.36, 118.746], [225.37, 174.828], [225.38, 405.276], [225.39, 404.882], [225.4, 214.423], [225.41, 181.144], [225.42, 131.665], [225.43, 175.67], [225.44, 53.153], [225.45, 149.304], [225.46, 268.1], [225.47, 302.046], [225.48, 360.659], [225.49, 114.403], [225.5, 108.089], [225.51, 162.984], [225.52, 287.377], [225.53, 405.447], [225.54, 21.72], [225.55, 53.809], [225.56, 70.666], [225.57, 78.243], [225.58, 154.686], [225.59, 511.571], [225.6, 606.162], [225.61, 385.754], [225.62, 221.049], [225.63, 321.311], [225.64, 990.365], [225.65, 261.017], [225.66, 180.479], [225.67, 193.337], [225.68, 225.111], [225.69, 151.47], [225.7, 334.705], [225.71, 383.261], [225.72, 487.735], [225.73, 238.033], [225.74, 147.904], [225.75, 51.497], [225.76, 311.371], [225.77, 155.716], [225.78, 99.062], [225.79, 173.22], [225.8, 102.276], [225.81, 900.213], [225.82, 80.698], [225.83, 455.398], [225.84, 213.798], [225.85, 44.895], [225.86, 121.476], [225.87, 39.841], [225.88, 2.068], [225.89, 82.908], [225.9, 8.766], [225.91, 3.08], [225.92, 3.005], [225.93, 5.315], [225.94, 53.266], [225.95, 2.33], [225.96, 14.021], [225.97, 66.869], [225.98, 2.901], [225.99, 52.985], [226.0, 309.826], [226.01, 6.911], [226.02, 60.604], [226.03, 0.184], [226.04, 104.444], [226.05, 1.447], [226.06, 268.103], [226.07, 2.933], [226.08, 3.373], [226.09, 2.274], [226.1, 58.351], [226.11, 4.995], [226.12, 22.965], [226.13, 29.342], [226.14, 54.47]], "timestamp": null, "datetime": null, "nonce": 15653582454, "exchange": "binance"}, null, {"symbol": "TUSD/USD", "bids": [[0.98224, 2905.81122269], [0.98223, 2832.59388119], [0.98222, 3051.09525377], [0.98221, 2788.12810017], [0.9822, 2965.7439262], [0.98219, 2824.60874294], [0.98218, 3277.06130424], [0.98217, 3246.20295809], [0.98, 50.0], [0.96079, 12.0052833], [0.9607, 11.56993427], [0.96066, 12.21074144], [0.94888, 12.51695901], [0.94719, 13.24355477], [0.9455, 11.99651052], [0.94212, 11.78869716], [0.94043, 12.15609307], [0.92, 593.0], [0.8, 50.0], [0.78991, 10.0], [0.59966, 10.0], [0.31443, 15.902], [0.15, 100.0], [0.1142, 8785.0133295], [0.081, 6242.82933016]], "asks": [[0.98381, 13.05966891], [0.98391, 11.09857857], [0.98995, 11.03678355], [1.002, 79.82717597], [1.0021, 73.83292465], [1.0039, 299.7], [1.01, 10.0], [1.015, 20.0], [1.02, 50.0], [1.03, 50.0], [1.04, 50.0], [1.05, 100.0], [1.06, 5.0], [1.07, 10.0], [1.079, 489.1104], [1.08, 10.0], [1.09, 10.0], [1.095, 10.0], [1.1, 5.0], [1.19, 148.0], [1.2, 5.0], [1.3, 5.0], [1.4, 10.0], [1.5, 5.0], [1.6, 10.0]], "timestamp": null, "datetime": null, "nonce": null, "exchange": "bitfinex"}, {"symbol": "TUSD/USD", "bids": [[0.995, 10.051, 1733142621], [0.9949, 112.651, 1733128352], [0.9928, 33.048, 1733023590], [0.9925, 206.991, 1733013476], [0.9923, 230.261, 1733091123], [0.9922, 76.763, 1733091551], [0.9921, 55.214, 1731962008], [0.9912, 416.359, 1731922225], [0.99, 262.627, 1733122829], [0.9899, 528.888, 1731894796], [0.9888, 109.802, 1731603493], [0.9863, 68.368, 1733013625], [0.985, 829.243, 1729006563], [0.9832, 17.0, 1733142697], [0.9831, 51.371, 1727784142], [0.9802, 200.0, 1731603411], [0.966, 50.0, 1727784180], [0.9625, 100.0, 1733097437], [0.96, 55.0, 1733095735], [0.955, 50.0, 1727979816], [0.95, 2415.632, 1733097933], [0.948, 50.0, 1726546535], [0.9292, 11.769, 1733142199], [0.923, 139.473, 1733142472], [0.9159, 11.94, 1733142175], [0.9158, 11.942, 1733142174], [0.911, 30.0, 1731603542], [0.87, 12306.0, 1733140649], [0.861, 5.0, 1728412547], [0.8, 1857.537, 1732842302], [0.7703, 199.0, 1722857521], [0.75, 15000.0, 1732905107], [0.7288, 5.0, 1712754634], [0.7, 5.0, 1721956535], [0.6643, 5.0, 1712754681], [0.5879, 5.0, 1712754705], [0.5765, 20.0, 1732817969], [0.5222, 5.0, 1712754614], [0.5, 30000.0, 1732959985], [0.469, 5.0, 1712754655], [0.4197, 5.0, 1712754725], [0.3619, 5.0, 1712754753], [0.3063, 5.0, 1712754596], [0.11, 100.0, 1729807024], [0.101, 10000.0, 1728944509], [0.044, 250.0, 1729806968], [0.022, 500.0, 1729393206], [0.014, 750.0, 1729806918], [0.011, 1000.0, 1729393086], [0.0103, 97.088, 1721956516], [0.0077, 1818.182, 1721956504], [0.0076, 20683.698, 1702417232], [0.0075, 26477.579, 1700136345], [0.0051, 50000.0, 1694451840], [0.005, 200000.0, 1692927157], [0.0044, 2500.0, 1729806871], [0.0042, 2619.048, 1694067873], [0.0022, 5000.0, 1729392906], [0.0021, 105476.0, 1700620776], [0.0014, 7500.0, 1729806667], [0.0011, 10000.0, 1729392889], [0.001, 120000.0, 1732842288], [0.0003, 313333.0, 1729392787], [0.0002, 50000.0, 1729392720], [0.0001, 408000.0, 1729389318]], "asks": [[1.0159, 21.581, 1733142667], [1.0181, 229.078, 1733138321], [1.0182, 205.52, 1733137428], [1.0199, 1256.307, 1733136606], [1.02, 560.369, 1733111154], [1.0299, 131.819, 1733142623], [1.03, 100.0, 1732833891], [1.035, 1.13, 1733111154], [1.04, 100.0, 1733032264], [1.049, 100.0, 1733118119], [1.05, 100.0, 1732833900], [1.06, 100.0, 1732833904], [1.07, 100.0, 1732833910], [1.0767, 39.764, 1733142568], [1.08, 100.0, 1732833914], [1.09, 100.0, 1732833919], [1.0958, 39.724, 1733142171], [1.1, 100.0, 1732833923], [1.11, 100.0, 1732833938], [1.1138, 39.724, 1733142172], [1.12, 100.0, 1732833942], [1.13, 100.0, 1733054875], [1.14, 100.0, 1732833954], [1.15, 100.0, 1732865072], [1.16, 100.0, 1732833964], [1.18, 15.79, 1732833797], [1.1848, 4.84, 1732832985], [1.4, 27.847, 1732836995], [1.42, 3.56, 1731576770], [1.69, 5.0, 1721958780], [3.5, 25.0, 1730610946], [5.8, 20.004, 1732833847], [6.0, 500.0, 1730600758], [12.0, 500.0, 1730600662], [14.0, 500.0, 1730600641], [15.0, 1175.0, 1730600882], [16.0, 500.0, 1730600625], [18.0, 500.0, 1730600612], [20.0, 500.0, 1732833847], [23.0, 500.0, 1730600570], [62.0, 500.0, 1730600553], [182.99, 10.0, 1705762168], [200.0, 9.5, 1693411459], [500.0, 10.0, 1730600673], [1017.0, 199.942, 1733125984], [1322.0, 20.4, 1700678395], [2988.0, 13.668, 1731576844], [3371.9999, 10.001, 1702417191], [3372.0, 25.5, 1700678395], [3544.0, 25.0, 1700136319], [6972.9999, 10.0, 1702417171], [6973.0, 25.5, 1700678395], [7372.0, 100.0, 1694451803], [24458.0, 24.4, 1700678395], [75896.0, 22.2, 1700678395], [264465.0, 14.4, 1700678396], [822621.0, 9.2, 1700678396], [2495807.0, 5.0, 1700678396]], "timestamp": null, "datetime": null, "nonce": null, "exchange": "kraken"}, {"symbol": "BILL/USDT", "bids": [[7.1e-07, 411625537.75180006], [7e-07, 31262480.44745011], [6.9e-07, 19492753.6231884], [6.8e-07, 49087981.24191844], [6.7e-07, 21687074.45895365], [6.6e-07, 51302680.76006171], [6.5e-07, 56015299.21132008], [6.4e-07, 53689085.60359733], [6.3e-07, 35097441.74736809], [6.2e-07, 56266430.27013239], [6.1e-07, 46656852.09016049], [6e-07, 105925475.40583307], [5.9e-07, 26798963.22176592], [5.8e-07, 62085725.36516487], [5.7e-07, 17649025.41641764], [5.6e-07, 65382731.92319843], [5.5e-07, 25327890.70454354], [5.4e-07, 68982273.00644103], [5.3e-07, 8867924.52830188], [5.2e-07, 193318875.49542022]], "asks": [[7.2e-07, 23265693.69384124], [7.3e-07, 13698630.1369863], [7.4e-07, 45108505.64649144], [7.5e-07, 58426679.99817696], [7.6e-07, 43315980.97960286], [7.7e-07, 7500000.0], [7.8e-07, 41639114.67859442], [7.9e-07, 30014415.57068594], [8e-07, 40067721.72261764], [8.1e-07, 37605777.4999974], [8.2e-07, 38592741.98157581], [8.3e-07, 9049865.42270108], [8.4e-07, 37206092.00222628], [8.5e-07, 25188169.98512712], [8.6e-07, 35900539.33391654], [8.7e-07, 7500000.0], [8.8e-07, 34669595.52920843], [8.9e-07, 39235955.05617977], [9e-07, 46703012.92425031], [9.1e-07, 7500000.0]], "timestamp": 1733142690883, "datetime": "2024-12-02T12:31:30.883Z", "nonce": null, "exchange": "coinex"}, {"symbol": "BILL/USDT", "bids": [[8.2e-07, 4878048.7], [8.1e-07, 2469135.8], [6.4e-07, 15625000.0], [5.9e-07, 8474576.2], [5.6e-07, 7142855.3], [4e-07, 16518646.6], [3.6e-07, 2778055.5], [2.5e-07, 4000000.0], [2.1e-07, 7858733.0], [5e-08, 200000000.4]], "asks": [[3.29e-06, 15678519.6], [3.3e-06, 7690730.0], [3.4e-06, 2247191.0], [3.85e-06, 1259295.4], [6.49e-06, 4649455.7], [6.5e-06, 1974663.2], [6.67e-06, 9229374.0], [6.69e-06, 93799446.5], [7.02e-06, 524502.4], [1.001e-05, 726272.6]], "timestamp": 1733140068546, "datetime": "2024-12-02T11:47:48.546Z", "nonce": null, "exchange": "poloniex"}, {"symbol": "PNUT/USDT", "bids": [[1.1234, 1519.0], [1.1233, 2062.3], [1.1232, 1690.4], [1.1231, 1241.9], [1.123, 1007.9], [1.1229, 1861.2], [1.1228, 3509.4], [1.1227, 1619.5], [1.1226, 2260.3], [1.1225, 6669.4], [1.1224, 6473.0], [1.1223, 14964.2], [1.1222, 15947.8], [1.1221, 8064.2], [1.122, 5578.6], [1.1219, 10054.2], [1.1218, 16193.3], [1.1217, 21247.1], [1.1216, 13217.5], [1.1215, 30094.7], [1.1214, 9605.1], [1.1213, 21416.4], [1.1212, 7364.7], [1.1211, 25105.8], [1.121, 13990.3], [1.1209, 8719.1], [1.1208, 10723.6], [1.1207, 4541.4], [1.1206, 217.3], [1.1205, 3018.4], [1.1204, 11342.3], [1.1203, 7353.6], [1.1202, 27809.1], [1.1201, 12891.1], [1.12, 14492.4], [1.1199, 5422.3], [1.1198, 10199.5], [1.1197, 5908.3], [1.1196, 6107.7], [1.1195, 8543.9], [1.1194, 7711.6], [1.1193, 7856.7], [1.1192, 686.6], [1.1191, 8121.0], [1.119, 5329.2], [1.1189, 3.0], [1.1188, 5802.7], [1.1187, 7142.5], [1.1186, 7950.4], [1.1185, 3606.5], [1.1184, 225.9], [1.1183, 1075.4], [1.1182, 1832.9], [1.1181, 282.7], [1.118, 116.7], [1.1179, 13363.2], [1.1178, 33464.3], [1.1177, 217.0], [1.1176, 2834.0], [1.1175, 132.5], [1.1174, 3.5], [1.1173, 1835.7], [1.1172, 38606.0], [1.117, 7283.5], [1.1169, 2.4], [1.1168, 222.6], [1.1167, 8664.4], [1.1166, 1261.3], [1.1165, 38148.4], [1.1164, 4.8], [1.1163, 7278.1], [1.1162, 36.2], [1.1161, 11.5], [1.116, 880.7], [1.1159, 8.1], [1.1158, 4290.0], [1.1157, 3.9], [1.1156, 7271.0], [1.1155, 26.6], [1.1153, 80.4], [1.1152, 4563.6], [1.1151, 551.2], [1.115, 101.9], [1.1149, 5.7], [1.1148, 3656.4], [1.1147, 3673.1], [1.1146, 1235.8], [1.1144, 6410.0], [1.1143, 2.7], [1.1142, 1031.9], [1.1141, 385.7], [1.114, 5591.3], [1.1139, 34.6], [1.1138, 5.3], [1.1137, 54.5], [1.1136, 178.5], [1.1135, 8410.7], [1.1134, 12.7], [1.1133, 3678.3], [1.1132, 11.0]], "asks": [[1.1237, 1698.4], [1.1238, 2606.8], [1.1239, 3007.9], [1.124, 1718.7], [1.1241, 2816.8], [1.1242, 4847.7], [1.1243, 8509.5], [1.1244, 4689.3], [1.1245, 10447.2], [1.1246, 5485.3], [1.1247, 5810.3], [1.1248, 21237.9], [1.1249, 17572.1], [1.125, 21633.5], [1.1251, 39881.7], [1.1252, 10554.6], [1.1253, 3903.6], [1.1254, 3031.1], [1.1255, 13845.5], [1.1256, 32419.6], [1.1257, 42532.9], [1.1258, 7122.3], [1.1259, 14558.1], [1.126, 10232.3], [1.1261, 10071.8], [1.1262, 16791.7], [1.1263, 8874.5], [1.1264, 17629.2], [1.1265, 4402.4], [1.1266, 6301.2], [1.1267, 5855.2], [1.1268, 158.9], [1.1269, 5865.5], [1.127, 6332.8], [1.1271, 4555.5], [1.1272, 2992.7], [1.1273, 13348.8], [1.1274, 9851.1], [1.1275, 9223.3], [1.1276, 2815.0], [1.1277, 16092.1], [1.1278, 14.5], [1.1279, 3105.8], [1.128, 20918.7], [1.1281, 5110.1], [1.1282, 12473.0], [1.1283, 4829.1], [1.1284, 560.2], [1.1285, 5505.6], [1.1286, 8.8], [1.1287, 137.4], [1.1288, 2495.0], [1.1289, 6362.0], [1.129, 56.3], [1.1291, 217.3], [1.1292, 478.2], [1.1293, 224.4], [1.1294, 1660.2], [1.1295, 22830.1], [1.1296, 18.8], [1.1297, 8962.3], [1.1298, 3866.6], [1.1299, 4162.5], [1.13, 41602.2], [1.1301, 1375.1], [1.1302, 3.2], [1.1303, 892.5], [1.1304, 7496.1], [1.1305, 121.2], [1.1306, 929.6], [1.1307, 101.2], [1.1308, 4400.3], [1.1309, 3623.5], [1.131, 598.0], [1.1312, 326.3], [1.1313, 3672.8], [1.1314, 1.6], [1.1315, 4.2], [1.1316, 1.0], [1.1317, 985.0], [1.1318, 3003.7], [1.1319, 19.4], [1.132, 2692.1], [1.1321, 116.5], [1.1322, 2390.3], [1.1323, 3606.1], [1.1324, 99.7], [1.1325, 4103.0], [1.1326, 2061.5], [1.1327, 168.0], [1.1328, 18.6], [1.1329, 26.8], [1.133, 44317.4], [1.1331, 25.9], [1.1332, 34.3], [1.1333, 379.4], [1.1334, 32.1], [1.1335, 31.1], [1.1336, 23.0], [1.1337, 3633.2]], "timestamp": null, "datetime": null, "nonce": 715196991, "exchange": "binance"}, null, {"symbol": "ALICE/USDT", "bids": [[1.491, 999.79], [1.49, 3755.79], [1.489, 9810.77], [1.488, 20395.67], [1.487, 14692.17], [1.486, 18126.97], [1.485, 5312.74], [1.484, 2118.07], [1.483, 347.54], [1.482, 709.04], [1.481, 9668.71], [1.48, 12219.78], [1.479, 7893.63], [1.478, 7499.66], [1.477, 715.18], [1.476, 11540.32], [1.475, 653.95], [1.474, 606.05], [1.473, 2261.98], [1.472, 150.38], [1.471, 4502.67], [1.47, 55.41], [1.469, 4772.35], [1.468, 471.33], [1.467, 477.31], [1.466, 6374.81], [1.465, 455.12], [1.464, 1449.33], [1.463, 405.13], [1.462, 473.52], [1.461, 472.73], [1.46, 559.25], [1.459, 455.14], [1.458, 23.74], [1.457, 1730.26], [1.456, 114.61], [1.455, 107.87], [1.454, 27.03], [1.453, 11.16], [1.452, 52.54], [1.451, 110.07], [1.45, 8092.49], [1.449, 75.92], [1.448, 1338.13], [1.447, 20.43], [1.446, 1673.97], [1.445, 51.99], [1.444, 66.7], [1.442, 12.31], [1.441, 150.33], [1.44, 10207.8], [1.439, 58.95], [1.438, 48.9], [1.437, 62.19], [1.436, 12.23], [1.435, 1052.9], [1.434, 51.21], [1.433, 7.62], [1.432, 47.91], [1.431, 3.63], [1.43, 758.33], [1.429, 5.85], [1.428, 17.12], [1.427, 6.52], [1.426, 22.44], [1.425, 58.14], [1.424, 35.0], [1.423, 4.15], [1.422, 32.9], [1.421, 75.31], [1.42, 991.44], [1.419, 19.9], [1.417, 32.8], [1.416, 26.34], [1.415, 313.41], [1.414, 102.66], [1.413, 8.4], [1.412, 6.59], [1.411, 28.53], [1.41, 4818.47], [1.409, 55.41], [1.407, 6.62], [1.406, 71.12], [1.405, 42.4], [1.404, 7.13], [1.403, 93.31], [1.402, 28.88], [1.401, 33.15], [1.4, 19827.26], [1.398, 7.16], [1.397, 13.1], [1.396, 32.53], [1.395, 71.68], [1.394, 12.3], [1.393, 9.35], [1.392, 40.66], [1.391, 61.7], [1.39, 272.74], [1.389, 22.95], [1.388, 7.42]], "asks": [[1.492, 57.9], [1.493, 2088.26], [1.494, 4835.66], [1.495, 8410.74], [1.496, 11442.09], [1.497, 24279.5], [1.498, 3719.65], [1.499, 1157.55], [1.5, 1304.12], [1.501, 1689.76], [1.502, 1363.52], [1.503, 2817.46], [1.504, 1200.66], [1.505, 2733.01], [1.506, 1000.58], [1.507, 481.79], [1.508, 6032.42], [1.509, 3640.21], [1.51, 2613.77], [1.511, 810.94], [1.512, 583.28], [1.513, 534.85], [1.514, 1515.79], [1.515, 4294.86], [1.516, 448.24], [1.517, 1720.74], [1.518, 1640.94], [1.519, 1257.77], [1.52, 1343.2], [1.521, 5583.24], [1.523, 151.62], [1.524, 15.41], [1.525, 13.34], [1.526, 22.31], [1.527, 499.73], [1.528, 10.1], [1.529, 594.19], [1.53, 8547.17], [1.531, 75.5], [1.532, 3912.75], [1.534, 5.85], [1.535, 376.69], [1.536, 82.98], [1.537, 72.53], [1.538, 37.3], [1.539, 1140.11], [1.54, 4800.21], [1.542, 14695.36], [1.543, 6.03], [1.544, 23.76], [1.545, 26.08], [1.546, 1082.25], [1.547, 10.0], [1.548, 11.08], [1.549, 29.05], [1.55, 189.47], [1.551, 875.77], [1.552, 10.37], [1.553, 15.2], [1.554, 316.44], [1.555, 11648.29], [1.557, 17.95], [1.558, 79.06], [1.559, 56.41], [1.56, 764.7], [1.561, 5.96], [1.562, 87.07], [1.563, 11.24], [1.564, 45.3], [1.565, 65.04], [1.566, 60.18], [1.567, 5.94], [1.568, 718.6], [1.569, 46.04], [1.57, 91.65], [1.571, 14.25], [1.572, 10.92], [1.573, 67.12], [1.574, 11.38], [1.575, 34.28], [1.578, 22.22], [1.579, 5.89], [1.58, 3010.13], [1.581, 19.4], [1.582, 11.32], [1.583, 4.15], [1.584, 14.86], [1.585, 172.33], [1.586, 129.74], [1.587, 94.64], [1.588, 83.42], [1.589, 11.06], [1.59, 488.16], [1.591, 5.85], [1.592, 32.38], [1.593, 15.85], [1.594, 101.37], [1.595, 74.84], [1.596, 27.7], [1.597, 69.68]], "timestamp": null, "datetime": null, "nonce": 2348723316, "exchange": "binance"}, null, {"symbol": "TURBO/USDT", "bids": [[0.0016249, 1846.3], [0.0016042, 62336.3], [0.0016039, 240098.5], [0.0016022, 2496.5], [0.0016021, 6235.5], [0.001602, 6235.9], [0.0016019, 6236.3], [0.0016018, 6236.7], [0.0016017, 6237.1], [0.0016001, 625.0]], "asks": [[0.001701, 34.0], [0.0022794, 13620.5], [0.00228, 226473.3], [0.0022849, 12420.5], [0.0023424, 169502.4], [0.0023425, 283051.6], [0.002345, 190879.1], [0.0023457, 2627.7], [0.0023464, 3835.6], [0.0023465, 3835.4]], "timestamp": 1733141180369, "datetime": "2024-12-02T12:06:20.369Z", "nonce": null, "exchange": "poloniex"}, {"symbol": "TURBO/USDT", "bids": [[0.00719724, 16740.0], [0.00719479, 16740.0], [0.00719394, 30000.0], [0.00719333, 16740.0], [0.00719265, 260280.75], [0.00719199, 42641.89], [0.0071908, 13885.81], [0.00719079, 16740.0], [0.00718813, 42641.89], [0.00718809, 531553.75], [0.00718501, 16740.0], [0.00718457, 42641.89], [0.00718285, 537942.1], [0.00718218, 16740.0], [0.00718213, 42641.89], [0.00718193, 333000.0], [0.00718002, 16740.0], [0.00717977, 42641.89], [0.00717717, 16740.0], [0.0071766, 42641.89], [0.00717181, 16740.0], [0.0071712, 42641.89], [0.00717008, 520275.99], [0.00716898, 16740.0], [0.00716795, 42641.89], [0.00716578, 16740.0], [0.0071645, 42641.89], [0.00716084, 16740.0], [0.00716014, 42641.89], [0.00716012, 16740.0], [0.00715859, 29841.9], [0.00715625, 610000.0], [0.00715615, 16740.0], [0.0071548, 42641.89], [0.00715352, 43251.22], [0.00715099, 21773.24], [0.00715098, 16740.0], [0.00715082, 42641.89], [0.00714855, 16740.0], [0.00714827, 695919.99], [0.00714824, 42641.89], [0.00714556, 2285.92], [0.00714464, 16740.0], [0.0071445, 42641.89], [0.00714179, 16740.0], [0.0071416, 42641.89], [0.00714035, 16740.0], [0.00713907, 42641.89], [0.00713744, 16740.0], [0.00713677, 86502.44], [0.00713674, 42641.89], [0.00713275, 16740.0], [0.00713236, 366670.01], [0.00713151, 42641.89], [0.00713059, 16740.0], [0.00712916, 42641.89], [0.00712627, 16740.0], [0.00712571, 175144.35], [0.00711583, 16740.0], [0.00709843, 72600.0], [0.00708994, 260332.61], [0.00708869, 16740.0], [0.0070886, 2285.92], [0.00708183, 16740.0], [0.00707651, 88277.03], [0.00707308, 665000.0], [0.00707254, 16740.0], [0.00707195, 2917.69], [0.00705119, 86599.64], [0.00704082, 9029.96], [0.00704081, 1651.07], [0.00702009, 2000.0], [0.00702, 2630.7], [0.00701885, 3807.62], [0.00701613, 2940.91], [0.007, 21372.07], [0.00699729, 483753.08], [0.00696075, 2964.3], [0.00695058, 16761.18], [0.00695057, 6706.08], [0.00693736, 91042.94], [0.0069116, 2893.68], [0.006901, 36226.63], [0.00685416, 2571.09], [0.00682957, 3643.02], [0.00670001, 2383.52], [0.0067, 149253.73], [0.00668418, 2292.02], [0.00665745, 7510.37], [0.00662846, 7829.29], [0.006626, 7696.95], [0.0066, 19302.16], [0.0065799, 6066.98], [0.00657177, 1537.03], [0.0065402, 9000.0], [0.00654018, 10000.0], [0.0065, 2571.09], [0.00649, 4478.48], [0.0064864, 3921.41], [0.00645381, 7747.36], [0.0064538, 9000.0], [0.0064, 46875.0], [0.00638, 15768.02], [0.00637292, 3138.0], [0.00626857, 114559.8], [0.00621491, 5464.53], [0.0062, 20000.0], [0.006188, 10000.0], [0.0060865, 4436.0], [0.006, 20833.32], [0.00591459, 1707.81], [0.00589, 17495.77], [0.00565556, 8196.8], [0.0056502, 2343.96], [0.0055, 18181.81], [0.00532313, 1897.56], [0.00514656, 12295.2], [0.005, 22020.0], [0.00480267, 2812.75], [0.004795, 5213.76], [0.00479034, 2108.62], [0.00468337, 18442.79], [0.0045, 22222.22], [0.00426187, 27664.19], [0.00408227, 3375.3], [0.00407425, 55255.54], [0.004, 27501.83], [0.0038783, 41496.28], [0.00355, 3865.72], [0.00325, 9246.73], [0.00318, 1211803.4], [0.00314262, 3214.2], [0.00311989, 149143.27], [0.00305851, 10000.0], [0.003, 9241.79], [0.00289, 1730103.8], [0.00282808, 3571.68], [0.0028, 71428.57], [0.0026, 96153.84], [0.00254527, 3968.54], [0.00185, 219284.32], [0.00163608, 45841.27], [0.0014807, 16883.9], [0.001, 30000.0], [0.0009, 12222.22], [0.00065537, 30517.11], [0.0006357, 20000.0], [0.00041339, 75917.85], [0.000222, 104018.05], [0.000194, 104018.05]], "asks": [[0.0072071, 205322.8], [0.00721149, 42641.89], [0.00721307, 268239.42], [0.00721343, 2890.62], [0.00721477, 340481.67], [0.00721563, 332000.0], [0.0072159, 42641.89], [0.00722042, 42641.89], [0.00722743, 42641.89], [0.00723354, 5956.0], [0.00723444, 42641.89], [0.00724144, 556451.09], [0.00724145, 42641.89], [0.00724238, 610000.0], [0.0072461, 43585.98], [0.00724846, 42641.89], [0.00725571, 88845.5], [0.00725898, 3800.0], [0.00725949, 2283.63], [0.0072679, 4500.0], [0.00727082, 2867.79], [0.00727877, 2127.78], [0.00728571, 1649.41], [0.00729786, 1371.0], [0.00731409, 266536.49], [0.00731645, 2283.63], [0.0073258, 18000.0], [0.00732867, 2845.17], [0.00732888, 666000.0], [0.0073294, 9000.0], [0.00737341, 2283.63], [0.00738195, 5396.0], [0.00738697, 2822.7], [0.00739786, 1352.0], [0.00740816, 1649.41], [0.00742571, 42114.0], [0.00742572, 485825.04], [0.00743037, 2283.63], [0.00743333, 1401.8], [0.00744574, 2800.42], [0.00745162, 3481.08], [0.00747, 2088.74], [0.00748734, 2283.63], [0.00749786, 1334.0], [0.00750498, 2778.32], [0.00752913, 9012.64], [0.00753061, 1649.41], [0.00753781, 2464.9], [0.0075443, 2283.63], [0.0075625, 2566.71], [0.00756469, 2756.39], [0.00756517, 7662.32], [0.00757563, 2464.9], [0.00759786, 1317.0], [0.00760126, 2283.63], [0.00760901, 2091.4], [0.00761344, 2464.9], [0.00761666, 1401.8], [0.00762487, 2734.63], [0.00765126, 2464.9], [0.00765306, 1649.41], [0.00765822, 2283.63], [0.00768554, 2713.05], [0.00768907, 2464.9], [0.00769786, 1300.0], [0.0076997, 7821.14], [0.0077, 3174.88], [0.00771518, 2283.63], [0.00772689, 2464.9], [0.00774669, 2691.63], [0.0077647, 2464.9], [0.00776493, 3374.6], [0.00777215, 2283.63], [0.00777551, 1649.41], [0.00779786, 1284.0], [0.0078, 1401.8], [0.00780252, 2464.9], [0.00780832, 2670.38], [0.00781999, 41582.0], [0.00782, 5432796.94], [0.00782911, 2283.63], [0.00783539, 77945.51], [0.00783817, 10880.5], [0.00784033, 2464.9], [0.00787044, 2649.31], [0.00787815, 2464.9], [0.00788607, 2283.63], [0.00789786, 1267.0], [0.00789795, 1649.41], [0.0079, 131447.36], [0.00791596, 2464.9], [0.00791666, 2566.71], [0.00793306, 2628.39], [0.00794303, 2283.63], [0.00795378, 2464.9], [0.00795797, 4043.75], [0.00798333, 1401.8], [0.00799159, 2464.9], [0.00799618, 2607.65], [0.00799786, 1251.0], [0.008, 2283.63], [0.00801666, 1263.66], [0.0080204, 1649.41], [0.0080235, 8091.11], [0.00802941, 1.65], [0.00804, 4746.45], [0.00804127, 2091.4], [0.00805696, 2283.63], [0.00805979, 2587.08], [0.00806722, 2464.9], [0.00809786, 1240.0], [0.00810504, 2464.9], [0.00811392, 2283.63], [0.00812392, 2566.65], [0.00814285, 4114.31], [0.008157, 7928.18], [0.00817088, 2283.63], [0.00818067, 2464.9], [0.00818855, 2546.4], [0.00819786, 1230.0], [0.0082, 86715.96], [0.00821848, 2464.9], [0.00822784, 2283.63], [0.00824495, 15450.31], [0.00825369, 2526.29], [0.0082563, 2464.9], [0.0082653, 1649.41], [0.00827083, 2566.71], [0.0082777, 8140.37], [0.00828481, 2283.63], [0.00829411, 2464.9], [0.00829786, 1230.0], [0.0083, 199699.17], [0.00831937, 2506.34], [0.00833193, 2464.9], [0.00834177, 2283.63], [0.00836974, 2464.9], [0.00838556, 2486.56], [0.00838775, 1649.41], [0.00839786, 1200.0], [0.00839873, 2283.63], [0.0084, 226689.27], [0.00840756, 2464.9], [0.00844444, 118539.53], [0.00844537, 2464.9], [0.00845228, 2466.68], [0.00845569, 2283.63], [0.00848319, 2464.9], [0.00849786, 1200.0], [0.00849808, 2091.4]], "timestamp": 1733142691010, "datetime": "2024-12-02T12:31:31.010Z", "nonce": 1432342016, "exchange": "htx"}, {"symbol": "JTO/USDT", "bids": [[3.42, 78.1], [3.419, 714.7], [3.418, 1730.7], [3.417, 1970.5], [3.416, 3213.3], [3.415, 3317.8], [3.414, 8854.8], [3.413, 3518.6], [3.412, 682.1], [3.411, 2238.6], [3.41, 2863.5], [3.409, 1692.3], [3.408, 764.2], [3.407, 333.6], [3.406, 813.3], [3.405, 374.3], [3.404, 193.8], [3.403, 429.3], [3.402, 186.7], [3.401, 5205.6], [3.4, 1783.5], [3.399, 331.4], [3.398, 6720.8], [3.397, 885.9], [3.396, 719.5], [3.395, 333.5], [3.394, 14925.5], [3.393, 357.5], [3.392, 23.8], [3.391, 15590.5], [3.39, 219.9], [3.389, 15587.9], [3.388, 655.8], [3.387, 2.3], [3.385, 12.3], [3.384, 10.0], [3.383, 12.3], [3.382, 12.9], [3.381, 30.9], [3.38, 161.0], [3.379, 6487.4], [3.378, 14.3], [3.377, 12.3], [3.376, 12.4], [3.375, 49.6], [3.374, 59.3], [3.373, 16.4], [3.372, 10.0], [3.371, 1370.6], [3.37, 12.1], [3.369, 21.6], [3.368, 127.7], [3.367, 12.3], [3.366, 12.9], [3.365, 15.2], [3.364, 47.7], [3.363, 290.1], [3.362, 12.6], [3.361, 3970.2], [3.36, 24.3], [3.359, 10.0], [3.358, 19.9], [3.357, 10.0], [3.356, 12.4], [3.355, 811.9], [3.354, 30.4], [3.353, 12.9], [3.352, 12.6], [3.351, 10.0], [3.35, 3849.3], [3.349, 10.0], [3.348, 27.7], [3.347, 27.1], [3.346, 12.1], [3.345, 10.0], [3.344, 19.9], [3.343, 14.9], [3.342, 37.5], [3.341, 10.0], [3.34, 1495.9], [3.339, 24.5], [3.338, 10.0], [3.337, 369.7], [3.336, 59.1], [3.335, 1634.5], [3.334, 1099.5], [3.333, 119.3], [3.332, 29.1], [3.331, 160.1], [3.33, 308.3], [3.329, 20.9], [3.328, 62.9], [3.327, 14.4], [3.326, 112.6], [3.325, 658.3], [3.324, 22.4], [3.323, 21.8], [3.322, 87.4], [3.321, 30.7], [3.32, 142.1]], "asks": [[3.421, 459.5], [3.422, 840.5], [3.423, 940.9], [3.424, 1841.5], [3.425, 1798.7], [3.426, 3438.3], [3.427, 1831.5], [3.428, 1339.5], [3.429, 2010.1], [3.43, 1053.1], [3.431, 1361.8], [3.432, 552.6], [3.433, 300.4], [3.434, 463.3], [3.435, 400.0], [3.436, 514.4], [3.437, 738.7], [3.438, 4845.3], [3.439, 1805.9], [3.44, 4144.9], [3.441, 426.4], [3.442, 318.2], [3.443, 347.0], [3.444, 169.6], [3.445, 646.5], [3.446, 8262.7], [3.447, 14.9], [3.448, 493.8], [3.449, 14607.5], [3.45, 53.9], [3.451, 486.4], [3.452, 22288.1], [3.453, 13.9], [3.454, 35.4], [3.455, 12.2], [3.456, 886.2], [3.457, 6507.3], [3.458, 75.8], [3.459, 12.2], [3.46, 127.3], [3.461, 12.2], [3.462, 43.8], [3.463, 57.2], [3.464, 10.0], [3.465, 1366.6], [3.466, 38.1], [3.467, 19.6], [3.468, 10.0], [3.469, 34.9], [3.47, 10.0], [3.471, 10.0], [3.472, 32.8], [3.473, 12.8], [3.474, 981.8], [3.475, 64.4], [3.476, 12.9], [3.477, 10.0], [3.478, 50.6], [3.479, 78.8], [3.48, 159.5], [3.481, 26.8], [3.482, 13.6], [3.483, 10.0], [3.484, 37.5], [3.485, 10.0], [3.486, 28.3], [3.487, 11.6], [3.488, 10.0], [3.489, 19.5], [3.49, 1260.3], [3.491, 15.3], [3.492, 10.0], [3.493, 30.3], [3.494, 16.2], [3.495, 24.5], [3.496, 11.6], [3.497, 10.0], [3.498, 10.0], [3.499, 10.0], [3.5, 762.6], [3.501, 60.3], [3.502, 124.5], [3.503, 2.6], [3.505, 353.8], [3.507, 96.3], [3.509, 353.8], [3.51, 10.1], [3.511, 19.7], [3.512, 2.6], [3.513, 173.8], [3.515, 82.1], [3.516, 59.8], [3.517, 15.5], [3.519, 133.4], [3.52, 35271.8], [3.522, 258.0], [3.523, 100.7], [3.525, 63.8], [3.526, 32.2], [3.527, 91.6]], "timestamp": null, "datetime": null, "nonce": 2459290316, "exchange": "binance"}, null, {"symbol": "CORE/USDT", "bids": [[1.15, 1.742558], [1.12, 15.522321], [1.11, 27.027027], [1.1, 89.037651], [1.06, 84.362092], [1.05, 9.999999], [1.0, 128.799658], [0.95, 5.263157], [0.9, 72.210352], [0.89, 67.403728]], "asks": [[1.21, 8.529946], [1.27, 396.287357], [1.32, 21.572172], [1.35, 4.0], [1.36, 17.0], [1.4, 1012.867921], [1.45, 3198.548365], [1.49, 32.724865], [1.5, 61.304841], [1.57, 12.738853]], "timestamp": 1733142690578, "datetime": "2024-12-02T12:31:30.578Z", "nonce": null, "exchange": "poloniex"}, {"symbol": "CORE/USDT", "bids": [[1.523849, 70.2], [1.523843, 83.0], [1.523833, 70.2], [1.523678, 70.2], [1.523035, 70.2], [1.522607, 70.2], [1.522454, 70.2], [1.522301, 70.2], [1.522141, 70.2], [1.521988, 70.2], [1.521835, 70.2], [1.521679, 70.2], [1.521526, 70.2], [1.521373, 70.2], [1.521067, 70.2], [1.52081, 7118.7347], [1.520761, 70.2], [1.52071, 7253.7505], [1.520703, 295.9], [1.520608, 70.2], [1.520455, 70.2], [1.520398, 784.6], [1.520302, 70.2], [1.520227, 10.3779], [1.520139, 70.2], [1.519986, 70.2], [1.519833, 70.2], [1.519221, 70.2], [1.518915, 70.2], [1.518762, 70.2], [1.518482, 30.0], [1.518456, 70.2], [1.518303, 70.2], [1.51823, 3536.0037], [1.51815, 70.2], [1.51801, 6989.3544], [1.517997, 70.2], [1.516941, 48.3283], [1.515181, 1441.7], [1.513706, 116.4681], [1.51332, 9436.5442], [1.511768, 14.005], [1.510036, 18.201], [1.51, 696.0177], [1.50997, 4669.1968], [1.509677, 9.686], [1.509346, 9.9381], [1.508339, 193.3132], [1.50629, 2413.3771], [1.5, 136.6666], [1.49633, 1569.3], [1.494922, 483.2831], [1.491935, 9.686], [1.48757, 1140.9417], [1.482608, 8.3265], [1.48215, 1184.8512], [1.47816, 32.0], [1.478152, 582.3403], [1.474193, 9.686], [1.46797, 32.0], [1.46, 8.989], [1.45802, 1208.0974], [1.456451, 9.686], [1.455913, 19.0148], [1.45487, 32.0], [1.452173, 8.3265], [1.450475, 966.8648], [1.450001, 11.0237], [1.45, 9.3248], [1.445, 11.8331], [1.440317, 1735.729], [1.44, 3472.2222], [1.43871, 10.6928], [1.438709, 9.686], [1.432342, 42.9686], [1.426, 40.516], [1.421739, 8.3265], [1.420967, 9.686], [1.420001, 82.8855], [1.42, 72.4764], [1.41, 85.4141], [1.408917, 36.834], [1.403225, 9.686], [1.401, 100.0], [1.4001, 32.1475], [1.400078, 10.0], [1.4, 5392.1872], [1.391304, 8.3265], [1.39, 80.0], [1.387271, 12.9369], [1.385483, 9.686], [1.3808, 624.9162], [1.38, 54.8513], [1.37, 1951.6334], [1.367741, 9.686], [1.360869, 8.3265], [1.36, 266.3481], [1.350668, 115.2515], [1.35, 1570.8409], [1.34, 145.1117], [1.330434, 8.3265], [1.33, 41.0], [1.31, 30.0], [1.307529, 237.3751], [1.3, 1189.628], [1.299128, 30.7898], [1.299, 74.4031], [1.29888, 51.2342], [1.28, 389.36], [1.27875, 10.2097], [1.269787, 30.0837], [1.26, 11.6399], [1.25666, 88.3007], [1.255, 49.0], [1.25, 381.7244], [1.24, 520.0], [1.234826, 24.4121], [1.23, 1592.8351], [1.229, 521.9297], [1.222529, 51.2342], [1.222222, 40.909], [1.222, 409.1653], [1.22, 309.9434], [1.21, 338.6933], [1.209642, 17.6169], [1.200555, 480.0], [1.2, 2699.7696], [1.1985, 16.6958], [1.191923, 41.949], [1.19, 131.1373], [1.18, 130.0], [1.170001, 302.1003], [1.17, 640.0], [1.16, 292.4109], [1.150666, 51.2342], [1.150575, 12.1788], [1.15, 887.1961], [1.148, 87.108], [1.145535, 600.0], [1.14, 299.8459], [1.13, 38.8849], [1.1213, 526.9338], [1.121211, 660.0], [1.1211, 17.0983], [1.12, 63.69], [1.111111, 45.0], [1.111106, 43.0198], [1.111, 913.1413], [1.11, 231.0097], [1.10697, 50.1134]], "asks": [[1.524458, 70.2], [1.524611, 70.2], [1.525164, 70.2], [1.525242, 295.8], [1.527256, 70.2], [1.527368, 785.3], [1.527409, 70.2], [1.529894, 32.0], [1.533322, 70.2], [1.533607, 1441.5], [1.533628, 70.2], [1.533794, 88.9074], [1.534446, 70.2], [1.534509, 6.58], [1.535721, 7.9], [1.536293, 70.2], [1.538511, 21.0416], [1.538718, 41.4263], [1.539141, 48.3283], [1.539403, 70.2], [1.539443, 80.1236], [1.540359, 23.0446], [1.540541, 23.424], [1.541186, 120.1908], [1.542458, 51.2031], [1.543047, 70.2], [1.543478, 8.3181], [1.54474, 416.8806], [1.544741, 70.2], [1.545, 32.3624], [1.545161, 9.6714], [1.546743, 70.2], [1.548426, 186.3171], [1.55, 28.0812], [1.551753, 1572.7], [1.555, 32.1543], [1.555555, 158.2874], [1.559701, 483.2831], [1.559999, 12.8846], [1.56, 58.0], [1.562903, 9.6714], [1.565, 31.9488], [1.573913, 8.3181], [1.575, 31.746], [1.575277, 604.1038], [1.575757, 79.7781], [1.579998, 610.0], [1.579999, 53.0], [1.58, 2922.1933], [1.580645, 9.6714], [1.585, 31.5457], [1.585858, 125.1264], [1.588888, 12.6503], [1.59, 28.9857], [1.595, 31.3479], [1.595367, 42.9686], [1.595959, 144.6513], [1.598387, 9.6714], [1.6, 348.8709], [1.601564, 191.0], [1.601565, 948.6026], [1.604347, 8.3181], [1.605, 31.1526], [1.607, 147.267], [1.61, 210.0], [1.610425, 156.0], [1.615, 30.9597], [1.615888, 10.0], [1.616129, 9.6714], [1.619999, 15.2303], [1.625, 30.7692], [1.629, 56.3728], [1.63, 135.4762], [1.63338, 15.6195], [1.63387, 9.6714], [1.634782, 8.3181], [1.634999, 314.7827], [1.636909, 108.6261], [1.639999, 286.4761], [1.65, 107.2908], [1.651612, 9.6714], [1.659999, 12.1084], [1.66, 1069.6882], [1.665217, 8.3181], [1.669354, 9.6714], [1.681806, 1220.4346], [1.687096, 9.6714], [1.688888, 969.9996], [1.69, 10.928], [1.695, 214.5786], [1.695652, 8.3181], [1.7, 192.2362], [1.704838, 9.6714], [1.71, 25.0], [1.719999, 11.686], [1.72, 500.0], [1.72258, 9.6714], [1.726086, 8.3181], [1.731217, 171.944], [1.740322, 9.6714], [1.75, 613.8421], [1.751, 53.5784], [1.752431, 39.92], [1.754, 35.0], [1.754427, 100.0], [1.756521, 8.3181], [1.757415, 7.0484], [1.758064, 9.6714], [1.759999, 11.4204], [1.77, 38.2711], [1.775806, 9.6714], [1.786956, 8.3181], [1.788888, 11.236], [1.79, 2735.4336], [1.793548, 9.6714], [1.79745, 536.4523], [1.8, 1019.1237], [1.81, 81.5579], [1.81129, 9.6714], [1.817391, 8.3181], [1.819999, 11.0439], [1.82, 13.6226], [1.829032, 9.6714], [1.83, 100.0], [1.838809, 239.6937], [1.84, 800.0301], [1.846774, 9.6714], [1.847826, 8.3181], [1.85, 3400.7785], [1.859999, 10.8064], [1.86, 491.8936], [1.864516, 9.6714], [1.87826, 8.3181], [1.88, 183.2981], [1.882258, 9.6714], [1.888888, 10.6411], [1.888982, 44.5], [1.9, 1370.001], [1.908695, 8.3181], [1.91, 10.0], [1.91262, 7.1728], [1.9144, 100.2922], [1.915, 8.5378], [1.919999, 10.4687], [1.92, 63.0113], [1.93913, 8.3181], [1.9402, 120.0367], [1.940486, 6.2366], [1.944068, 2018.075], [1.95, 1110.2529]], "timestamp": 1733142691309, "datetime": "2024-12-02T12:31:31.309Z", "nonce": 1024284266, "exchange": "htx"}, {"symbol": "BULLY/USDT", "bids": [[0.115659, 371.40067913], [0.114513, 373.04071952], [0.114002, 890.99681982], [0.113379, 33.40994538], [0.112256, 377.51851168], [0.111138, 380.36319628], [0.110026, 382.62212505], [0.10923, 1936.90951606], [0.108925, 384.59520668], [0.107835, 386.54025824], [0.106756, 388.45537594], [0.106, 801.88679245], [0.105688, 390.3385927], [0.104631, 392.18787717], [0.103584, 394.38065995], [0.102548, 396.16724974], [0.102019, 6.0], [0.101522, 398.30481782], [0.100506, 400.4177402], [0.0995, 402.50418077]], "asks": [[0.116816, 84.99422907], [0.117984, 93.05311937], [0.117985, 367.70658743], [0.119165, 365.6656104], [0.120356, 717.28485087], [0.120357, 363.91080295], [0.121561, 362.1270939], [0.122, 345.16547153], [0.122777, 360.3162592], [0.123928, 275.0863873], [0.123984, 105.3348108], [0.124005, 358.48001805], [0.125246, 356.9054917], [0.126499, 355.01491498], [0.127764, 353.10395191], [0.129042, 351.44705699], [0.130333, 349.76059575], [0.131637, 348.04633182], [0.132954, 346.30597335], [0.134284, 344.54117394]], "timestamp": 1733142690841, "datetime": "2024-12-02T12:31:30.841Z", "nonce": null, "exchange": "coinex"}, {"symbol": "BULLY/USDT", "bids": [[0.1196, 2.5485], [0.109, 122.7872], [0.1056, 122.7872], [0.0708, 60.5721], [0.0707, 353.6067], [0.0627, 2392.3444], [0.0626, 239.6166], [0.0607, 98.846], [0.06, 333.3333], [0.0489, 306.7484]], "asks": [[0.1549, 317.9847], [0.155, 1528.1889], [0.1595, 58.5794], [0.1598, 100.0], [0.1655, 11.5906], [0.1775, 76.2776], [0.18, 8.9124], [0.181, 17.8388], [0.1813, 11.5674], [0.1834, 76.2775]], "timestamp": 1733142690833, "datetime": "2024-12-02T12:31:30.833Z", "nonce": null, "exchange": "poloniex"}, {"symbol": "FTM/USDT", "bids": [[1.015, 126.38999999999999], [1.0147, 1466.41], [1.0146, 1466.4], [1.014, 13680.4], [1.0136, 13681.51], [1.0134, 26487.19], [1.0133, 18795.84], [1.013, 20271.42], [1.0124, 11676.45], [1.0122, 31301.41], [1.012, 10662.03], [1.0115, 25432.73], [1.0111, 25432.73], [1.0105, 14557.37], [1.0104, 4.17], [1.0101, 0.13], [1.01, 1.12], [1.0094, 53824.0], [1.009, 9.05], [1.0089, 1.0]], "asks": [[1.0151, 1916.06], [1.0152, 870.41], [1.0155, 3.21], [1.0156, 14237.9], [1.0157, 1.63], [1.0159, 13927.21], [1.016, 0.87], [1.0161, 0.71], [1.0163, 10276.52], [1.0165, 12993.25], [1.0168, 25559.399999999998], [1.017, 19217.06], [1.0171, 3.83], [1.0172, 0.78], [1.0175, 0.23], [1.0176, 13674.76], [1.0177, 13295.64], [1.0178, 1.54], [1.0179, 0.62], [1.0182, 1.94]], "timestamp": 1733142700920, "datetime": "2024-12-02T12:31:40.920Z", "nonce": null, "exchange": "bingx"}, null, {"symbol": "PEIPEI/USDT", "bids": [[1.1753e-07, 25525397.7], [1.175e-07, 42553191.4], [1.1747e-07, 72103515.7], [1.1746e-07, 15513024.1], [1.1556e-07, 15008858.2], [1.145e-07, 61135371.1], [1.14e-07, 21574848.0], [1.138e-07, 78855555.0], [1.1356e-07, 15008858.2], [1.1333e-07, 60884143.6]], "asks": [[1.2e-07, 667328036.5], [1.2001e-07, 249979168.0], [1.2156e-07, 106943073.3], [1.2555e-07, 649000000.0], [1.3281e-07, 38654443.0], [1.3455e-07, 261333960.9], [1.3461e-07, 111104775.0], [1.3556e-07, 15008858.2], [1.3666e-07, 33660178.5], [1.3756e-07, 15008858.2]], "timestamp": 1733142689774, "datetime": "2024-12-02T12:31:29.774Z", "nonce": null, "exchange": "poloniex"}, {"symbol": "PEIPEI/USDT", "bids": [[1.21864e-07, 1218000000.0], [1.21862e-07, 139854268.7], [1.2186e-07, 4103069095.68], [1.21856e-07, 1385681293.3], [1.2159e-07, 8935374716.74], [1.21589e-07, 491233931.0], [1.21333e-07, 538169852.78], [1.21289e-07, 600000000.0], [1.2093e-07, 34933496.33], [1.20485e-07, 529527350.98], [1.20371e-07, 277043420.39], [1.2e-07, 21807375.16], [1.1985e-07, 42100000.0], [1.19641e-07, 542730048.74], [1.19498e-07, 223315655.78], [1.1923e-07, 17739710.14], [1.1902e-07, 695549035.87], [1.19003e-07, 169000000.0], [1.19e-07, 179171710.0], [1.18803e-07, 544583677.51]], "asks": [[1.22183e-07, 371525554.25], [1.22577e-07, 212971251.36], [1.22578e-07, 1385681293.3], [1.22591e-07, 818330605.56], [1.22767e-07, 9223556269.43], [1.22768e-07, 439856255.0], [1.2287e-07, 1774700460.17], [1.2289e-07, 434457710.0], [1.22981e-07, 132625610.12], [1.23012e-07, 491233931.0], [1.23039e-07, 533377601.44], [1.2304e-07, 124808985.43], [1.23901e-07, 531520788.15], [1.23999e-07, 231937434.97], [1.24769e-07, 529644891.72], [1.25643e-07, 527750776.6], [1.25999e-07, 287382070.19], [1.26523e-07, 525839287.44], [1.27409e-07, 523911249.31], [1.27999e-07, 322579187.82]], "timestamp": 1733142690846, "datetime": "2024-12-02T12:31:30.846Z", "nonce": null, "exchange": "coinex"}, {"symbol": "RETARDIO/USDT", "bids": [[0.1, 1422.79552003], [0.099999, 944.37997639], [0.099682, 411.52785616], [0.098985, 99.80786985], [0.098984, 412.93072917], [0.098912, 492.29280148], [0.098291, 414.31652683], [0.098, 2999.0957746], [0.0978, 2192.30394317], [0.097602, 416.2918947], [0.097, 2000.0], [0.096918, 417.65416612], [0.096772, 38.54732133], [0.096239, 418.99727874], [0.096, 156.24999999], [0.095565, 420.32043954], [0.095011, 592.02881771], [0.095, 6077.50076913], [0.094896, 421.6228384], [0.094231, 423.54392012]], "asks": [[0.100385, 410.10863543], [0.101093, 408.67377839], [0.101805, 97.88183704], [0.101806, 407.16286904], [0.102522, 405.02832444], [0.10324, 262.26452879], [0.103963, 1.33682094], [0.104691, 400.12746506], [0.105, 111.59929079], [0.105424, 398.68091191], [0.106162, 397.22175215], [0.106906, 396.28045453], [0.107655, 394.78686954], [0.108409, 393.2826475], [0.109168, 391.76835571], [0.109933, 390.75267148], [0.11, 118.2234831], [0.110703, 389.20930921], [0.111478, 387.65766962], [0.112259, 386.5906774]], "timestamp": 1733142486431, "datetime": "2024-12-02T12:28:06.431Z", "nonce": null, "exchange": "coinex"}, {"symbol": "RETARDIO/USDT", "bids": [[0.11128, 89.863], [0.1, 148.567], [0.09651, 537.574], [0.0965, 193.99], [0.09, 100.0], [0.06, 480.0], [0.041, 240.0], [0.038, 3956.019], [0.03, 600.0], [0.02, 500.0]], "asks": [[0.12438, 28.25], [0.12917, 16.238], [0.22265, 10.556], [0.22266, 1544.499], [0.22267, 269.565], [0.22434, 25.278], [0.22509, 79.559], [0.2281, 197.783], [0.23, 320.995], [0.245, 9311.02]], "timestamp": 1733142615094, "datetime": "2024-12-02T12:30:15.094Z", "nonce": null, "exchange": "poloniex"}, {"symbol": "ANKR/USDT", "bids": [[0.04167, 20107.8], [0.04166, 19949.7], [0.04165, 44673.1], [0.04164, 56251.8], [0.04163, 49596.1], [0.04162, 130895.1], [0.04161, 100665.2], [0.0416, 36106.0], [0.04159, 38113.3], [0.04158, 96594.2], [0.04157, 155014.6], [0.04156, 119355.5], [0.04155, 41677.8], [0.04154, 101960.4], [0.04153, 141957.6], [0.04152, 88993.8], [0.04151, 95644.4], [0.0415, 41671.7], [0.04149, 15538.4], [0.04148, 32927.5], [0.04147, 35681.9], [0.04146, 36182.9], [0.04145, 49883.7], [0.04144, 6930.9], [0.04143, 19072.4], [0.04142, 49090.0], [0.04141, 14203.0], [0.0414, 12479.0], [0.04138, 35437.9], [0.04136, 52251.7], [0.04135, 12107.2], [0.04134, 12295.9], [0.04133, 132.3], [0.04132, 12500.2], [0.04131, 1161.7], [0.0413, 136994.6], [0.04129, 1031.1], [0.04128, 181.6], [0.04126, 181.7], [0.04125, 819.1], [0.04124, 382.0], [0.04122, 181.8], [0.0412, 11970.0], [0.04119, 132.3], [0.04118, 182.1], [0.04116, 382.7], [0.04115, 131.6], [0.04114, 182.2], [0.04112, 182.3], [0.0411, 182.4], [0.04108, 107006.8], [0.04107, 194.8], [0.04106, 182.6], [0.04105, 30190.6], [0.04104, 3717.5], [0.04102, 73388.1], [0.041, 384.1], [0.04098, 182.9], [0.04096, 317.4], [0.04094, 183.1], [0.04092, 183.2], [0.04091, 1374.8], [0.0409, 1084.0], [0.04089, 132.3], [0.04088, 3673.2], [0.04087, 243058.5], [0.04083, 202.2], [0.04082, 4521.0], [0.04077, 5312.0], [0.04075, 709.7], [0.04073, 821.6], [0.0407, 196.6], [0.04069, 396.9], [0.04068, 279.3], [0.04067, 203.0], [0.04064, 2243.0], [0.04062, 266.7], [0.0406, 4625.0], [0.04059, 347.1], [0.04058, 200.3], [0.04056, 493.0], [0.04055, 154.1], [0.04052, 1184.3], [0.04051, 203.8], [0.0405, 11851.8], [0.04047, 665.9], [0.04045, 132.3], [0.04044, 258.4], [0.04042, 204.2], [0.0404, 1050.4], [0.04034, 402.9], [0.04033, 289.1], [0.04031, 667.3], [0.04026, 205.0], [0.04025, 35212.5], [0.04023, 12052.3], [0.04021, 818.2], [0.0402, 2480.6], [0.04018, 205.4], [0.04016, 132.3]], "asks": [[0.04169, 16126.8], [0.0417, 17090.2], [0.04171, 30005.6], [0.04172, 80578.3], [0.04173, 80297.4], [0.04174, 71505.3], [0.04175, 53172.4], [0.04176, 138807.3], [0.04177, 152209.9], [0.04178, 56511.4], [0.04179, 110801.3], [0.0418, 9346.1], [0.04181, 19217.1], [0.04182, 111045.3], [0.04183, 188314.3], [0.04184, 20024.9], [0.04185, 9802.5], [0.04186, 73142.3], [0.04187, 9500.6], [0.04188, 19200.2], [0.04189, 27016.7], [0.0419, 17437.6], [0.04191, 33556.2], [0.04192, 445.0], [0.04193, 19786.0], [0.04194, 18992.8], [0.04195, 134.4], [0.04196, 377.3], [0.04197, 20703.7], [0.04198, 40326.5], [0.04199, 18793.2], [0.042, 5786.6], [0.04202, 180.3], [0.04203, 12031.7], [0.04204, 12644.8], [0.04205, 1537.5], [0.04206, 180.1], [0.04207, 132.3], [0.04208, 422.1], [0.04209, 12200.3], [0.0421, 181057.2], [0.04211, 1149.4], [0.04212, 2323.8], [0.04213, 131.9], [0.04214, 13973.7], [0.04215, 23171.6], [0.04216, 17840.2], [0.04217, 2527.7], [0.04218, 151.1], [0.04219, 795.1], [0.0422, 195.6], [0.04221, 526.1], [0.04222, 132.3], [0.04223, 75166.5], [0.04224, 50468.2], [0.04225, 504.3], [0.04227, 264.1], [0.04228, 20121.2], [0.04229, 1726.1], [0.04231, 132.4], [0.04232, 482.0], [0.04233, 1726.1], [0.04234, 131.9], [0.04235, 191.9], [0.04236, 22577.2], [0.04237, 1718.6], [0.04238, 7895.4], [0.04239, 173233.5], [0.0424, 49644.9], [0.04241, 1718.6], [0.04243, 4808.8], [0.04244, 194.5], [0.04245, 45024.0], [0.04249, 117.9], [0.04251, 132.3], [0.04252, 1332.6], [0.04254, 247566.4], [0.04255, 131.9], [0.04257, 11124.5], [0.04258, 730.9], [0.0426, 193.8], [0.04262, 39757.8], [0.04263, 36897.5], [0.04265, 378.6], [0.04266, 54365.7], [0.04267, 838.8], [0.04268, 15066.6], [0.04269, 9550.2], [0.0427, 275.9], [0.04273, 17868.6], [0.04275, 266.7], [0.04276, 324.9], [0.04279, 4952.2], [0.04281, 132.3], [0.04284, 575.0], [0.04285, 1241.6], [0.04286, 701.0], [0.04287, 3690.6], [0.04291, 11655.9], [0.04292, 192.3]], "timestamp": null, "datetime": null, "nonce": 2282533761, "exchange": "binance"}, null, {"symbol": "FARTCOIN/USDT", "bids": [[0.16539, 2827.3885], [0.16538, 124.88], [0.16472, 902.744], [0.16471, 1511.1551], [0.16409, 1103.8889], [0.16408, 165.455], [0.16407, 398.545], [0.16406, 215.7554], [0.16398, 174.852], [0.16345, 129.8969], [0.1634, 95.9046], [0.16339, 304.377], [0.16338, 252.4989], [0.16334, 569.3534], [0.16333, 104.3748], [0.16329, 284.9219], [0.16327, 133.3813], [0.16321, 545.0458], [0.1632, 134.3743], [0.16319, 159.4484], [0.16318, 1020.4002], [0.16317, 346.1821], [0.16316, 1368.4176], [0.16312, 1807.7364], [0.16311, 107.8556], [0.1631, 770.3962], [0.16308, 201.447], [0.16307, 310.6857], [0.16303, 83.6621], [0.16269, 122.4209], [0.1625, 1969.5841], [0.16138, 15070.1705], [0.16137, 13198.9176], [0.16136, 936.1514], [0.16132, 10246.0504], [0.16125, 3709.7897], [0.16118, 105.9835], [0.16115, 221.6725], [0.161, 93.1677], [0.16026, 339.6489], [0.16022, 5656.8743], [0.16021, 13128.5311], [0.16017, 985.853], [0.16005, 189.3397], [0.16, 27516.7142], [0.15999, 81.255], [0.1596, 3748.1428], [0.15937, 2567.9622], [0.15917, 410.0], [0.15907, 410.0], [0.15898, 410.0], [0.15897, 558.6857], [0.15896, 87.2417], [0.15874, 410.0], [0.15824, 300.0], [0.15796, 3787.0574], [0.15753, 410.0], [0.157, 142.9089], [0.15698, 227.561], [0.15663, 65.9926], [0.15638, 129.511], [0.15631, 3827.0334], [0.1561, 410.0], [0.15609, 122.6218], [0.15589, 400.0], [0.15588, 1283.0382], [0.15561, 5566.8016], [0.15536, 125.9047], [0.15482, 87.2417], [0.15467, 3867.6122], [0.15303, 394.8437], [0.15302, 3909.3163], [0.153, 918.2736], [0.15293, 341.2995], [0.15252, 852.3472], [0.1525, 144262.295], [0.15244, 145.9865], [0.15235, 189.3397], [0.15211, 278.1737], [0.1519, 2410.0], [0.15144, 254.3602], [0.15068, 87.2417], [0.15001, 2410.0], [0.15, 39141.6127], [0.14907, 2410.0], [0.14891, 2410.0], [0.1489, 16823.7837], [0.14888, 2119.3504], [0.14707, 2410.0], [0.1466, 466.3208], [0.14655, 87.2417], [0.14465, 189.3397], [0.14298, 5000.0], [0.14297, 1412.0657], [0.14241, 87.2417], [0.14, 964.1874], [0.13889, 6350.0], [0.13888, 6453.3416], [0.13827, 87.2417], [0.13695, 189.3397], [0.13413, 87.2417], [0.13286, 1459.9281], [0.13, 87.2417], [0.12925, 189.3397], [0.12527, 2480.0], [0.12526, 1112.2933], [0.12501, 2480.0], [0.125, 40000.0], [0.12398, 2419.7451], [0.12155, 189.3397], [0.11968, 1671.1229], [0.11705, 1709.4792], [0.11385, 189.3397], [0.11001, 2480.0], [0.11, 23049.5853], [0.10616, 410.6296], [0.09111, 11793.073], [0.08, 37500.0], [0.07501, 1436.3418], [0.075, 146.6666], [0.03296, 27358.8243], [0.022, 1363.6363]], "asks": [[0.16701, 86.6022], [0.16721, 225.6763], [0.16722, 1147.0], [0.16724, 87.1108], [0.1679, 1094.9728], [0.16791, 922.1689], [0.16793, 348.6], [0.16795, 1176.07], [0.16801, 391.9999], [0.16815, 115.3429], [0.16822, 69.649], [0.16826, 109.209], [0.1684, 69.2051], [0.16844, 93.8573], [0.16845, 216.8245], [0.16847, 202.9767], [0.16851, 90.6483], [0.16852, 213.3899], [0.16853, 377.906], [0.16859, 93.735], [0.1686, 637.4194], [0.16861, 171.471], [0.16863, 80.5056], [0.16864, 280.9592], [0.16866, 147.6675], [0.16871, 199.5956], [0.16876, 101.4411], [0.16877, 189.1306], [0.16881, 116.7523], [0.16883, 190.5179], [0.16898, 323.9081], [0.16909, 211.7191], [0.16914, 278.7344], [0.16916, 271.7119], [0.16924, 374.9392], [0.16929, 363.5062], [0.1693, 390.1852], [0.16932, 390.1852], [0.16933, 343.7619], [0.16935, 390.1852], [0.16936, 752.2485], [0.16937, 290.2272], [0.16938, 390.1852], [0.16939, 321.5872], [0.16941, 390.1852], [0.16946, 374.9392], [0.16965, 304.6672], [0.16975, 196.4572], [0.16988, 5476.4977], [0.16989, 1695.6782], [0.1699, 796.7818], [0.17024, 262.702], [0.17037, 215.635], [0.17137, 87.1108], [0.17182, 781.887], [0.17489, 210.0607], [0.17545, 189.3397], [0.17551, 87.1108], [0.17954, 204.6264], [0.17965, 87.1108], [0.17997, 1090.0], [0.17998, 1944.0], [0.17999, 1090.0], [0.18, 11185.8197], [0.18166, 1140.0], [0.18315, 189.3397], [0.18379, 87.1108], [0.18431, 199.3323], [0.18473, 111.2481], [0.18499, 170.0], [0.185, 6152.4811], [0.18793, 87.1108], [0.18824, 120.0], [0.18826, 4700.0], [0.18827, 292.1347], [0.18869, 663.3354], [0.18878, 1858.9261], [0.1892, 194.1784], [0.18998, 1273.1365], [0.18999, 395.4614], [0.19085, 189.3397], [0.1915, 4700.0], [0.19151, 24492.9469], [0.19206, 87.1108], [0.19422, 189.1538], [0.19619, 84.6874], [0.1962, 147.3917], [0.19855, 189.3397], [0.19938, 184.2589], [0.19987, 551.0], [0.19988, 9756.2788], [0.19999, 257.0522], [0.2, 10587.6951], [0.20034, 87.1108], [0.201, 638.2299], [0.20148, 3815.4755], [0.20241, 60.2809], [0.20448, 87.1108], [0.20468, 179.4933], [0.20518, 1543.9447], [0.20625, 189.3397], [0.20861, 59.9269], [0.20862, 147.3917], [0.20999, 1610.0], [0.21, 4835.1619], [0.21012, 174.848], [0.21086, 936.6548], [0.21275, 87.1108], [0.21395, 189.3397], [0.21449, 1320.0], [0.21451, 56910.0826], [0.21482, 60.2809], [0.2157, 170.3234], [0.21689, 87.1108], [0.21773, 1660.0], [0.21774, 2200.8105], [0.21912, 251.0056], [0.21999, 388.5598], [0.22103, 147.3917], [0.22142, 165.9186], [0.22165, 189.3397], [0.22222, 305.2067], [0.224, 673.9262], [0.22464, 2166.9413], [0.22517, 87.1108], [0.22585, 680.4003], [0.2265, 14464.1927], [0.22676, 339.6489], [0.227, 1091.2626], [0.22724, 60.2809], [0.2273, 161.6263], [0.22931, 87.1108], [0.22935, 189.3397], [0.22998, 2480.0], [0.23, 1094.0248], [0.23333, 186.5087], [0.23334, 157.4459], [0.23344, 147.3917], [0.23613, 920.0], [0.23676, 50.967], [0.23705, 189.3397], [0.23758, 87.1108], [0.2382, 75.9279], [0.23954, 153.3707], [0.23965, 60.2809], [0.24172, 87.1108], [0.2425, 3801.3763], [0.24352, 50.967], [0.24475, 189.3397], [0.245, 998.4]], "timestamp": 1733142690900, "datetime": "2024-12-02T12:31:30.900Z", "nonce": 288943401, "exchange": "htx"}, {"symbol": "FARTCOIN/USDT", "bids": [[0.18305, 21.851], [0.18304, 0.204], [0.18, 8.333], [0.16324, 23.591], [0.15398, 60.602], [0.141, 14.184], [0.13411, 7.531], [0.11, 11.363], [0.06541, 31.493], [0.0551, 71.506]], "asks": [[0.24142, 14.901], [0.24143, 3.5], [0.26065, 13.394], [0.26066, 34.527], [0.26067, 34.526], [0.26068, 34.525], [0.2826, 2.0], [0.3262, 2.0], [0.36858, 15.063], [0.3686, 3.0]], "timestamp": 1733142490126, "datetime": "2024-12-02T12:28:10.126Z", "nonce": null, "exchange": "poloniex"}, {"symbol": "ENA/USDT", "bids": [[0.8688, 593.73], [0.8687, 372.42], [0.8686, 751.65], [0.8685, 382.28], [0.8684, 1747.99], [0.8683, 5209.02], [0.8682, 18772.73], [0.8681, 2332.5], [0.868, 2957.2], [0.8679, 333.65], [0.8678, 17.28], [0.8677, 357.62], [0.8676, 2690.5], [0.8675, 4746.99], [0.8674, 957.44], [0.8673, 1900.49], [0.8672, 5905.19], [0.8671, 14845.06], [0.867, 4162.66], [0.8669, 408.9], [0.8668, 947.58], [0.8667, 13650.83], [0.8666, 15.39], [0.8665, 547.58], [0.8664, 4302.98], [0.8663, 22927.98], [0.8662, 4781.94], [0.8661, 2739.58], [0.866, 6065.21], [0.8658, 12184.27], [0.8657, 5857.62], [0.8656, 411.5], [0.8655, 849.59], [0.8654, 8.66], [0.8653, 2684.91], [0.8652, 547.49], [0.8651, 1579.81], [0.865, 36208.36], [0.8649, 24432.48], [0.8648, 547.49], [0.8647, 29.6], [0.8646, 485.52], [0.8645, 2660.22], [0.8644, 1579.81], [0.8643, 4442.69], [0.8642, 7579.76], [0.8641, 5514.31], [0.864, 272.97], [0.8639, 1461.3], [0.8638, 4890.56], [0.8637, 6987.36], [0.8635, 147.18], [0.8634, 1617.16], [0.8633, 1812.8], [0.8632, 3283.33], [0.8631, 30639.74], [0.863, 40.32], [0.8629, 1461.3], [0.8628, 77.13], [0.8626, 8.69], [0.8625, 639.83], [0.8624, 1468.37], [0.8623, 168.23], [0.8622, 8.69], [0.8621, 130.83], [0.862, 110.25], [0.8619, 2521.78], [0.8618, 2932.48], [0.8617, 31.87], [0.8616, 460.09], [0.8614, 2573.25], [0.8613, 1461.3], [0.8611, 26261.29], [0.861, 575.61], [0.8609, 1142.6], [0.8608, 2030.87], [0.8607, 115.98], [0.8606, 1539.03], [0.8605, 101.97], [0.8603, 218.74], [0.8602, 1159.6], [0.8601, 1461.3], [0.86, 115.49], [0.8599, 3172.11], [0.8598, 33.91], [0.8597, 1512.28], [0.8596, 1468.04], [0.8595, 172.77], [0.8594, 8.72], [0.8593, 13029.19], [0.8592, 685.55], [0.8591, 1577.49], [0.859, 149.14], [0.8589, 14.5], [0.8588, 12.87], [0.8587, 1152.9], [0.8586, 90.61], [0.8584, 412.91], [0.8583, 1543.77], [0.8582, 8.74]], "asks": [[0.8689, 87.22], [0.869, 199.69], [0.8691, 498.78], [0.8692, 1002.36], [0.8693, 407.91], [0.8694, 810.95], [0.8695, 2584.36], [0.8696, 1939.0], [0.8697, 202.26], [0.8698, 583.01], [0.8699, 193.63], [0.87, 173.74], [0.8701, 1233.73], [0.8702, 3134.92], [0.8703, 633.47], [0.8704, 1588.44], [0.8705, 3398.88], [0.8706, 11441.22], [0.8707, 2296.77], [0.8708, 2354.66], [0.8709, 2437.4], [0.871, 1861.2], [0.8711, 2903.27], [0.8712, 16150.33], [0.8713, 32327.53], [0.8714, 547.8], [0.8715, 896.97], [0.8716, 4587.38], [0.8717, 5634.33], [0.8718, 4906.02], [0.8719, 3126.08], [0.872, 1231.84], [0.8721, 155.6], [0.8722, 17386.9], [0.8723, 17144.25], [0.8724, 4037.75], [0.8725, 409.11], [0.8726, 400.5], [0.8727, 20060.2], [0.8728, 2471.79], [0.8729, 8.61], [0.873, 274.39], [0.8731, 547.24], [0.8732, 6525.37], [0.8733, 23124.14], [0.8734, 9897.31], [0.8735, 4043.71], [0.8736, 170.65], [0.8737, 11084.96], [0.8738, 10196.83], [0.8739, 429.75], [0.874, 27.1], [0.8741, 757.5], [0.8742, 2689.09], [0.8743, 4019.47], [0.8744, 4335.7], [0.8745, 7775.13], [0.8746, 6061.42], [0.8747, 14621.62], [0.8748, 4252.72], [0.8749, 5358.5], [0.875, 63422.28], [0.8751, 4328.27], [0.8752, 1217.73], [0.8753, 822.42], [0.8754, 365.03], [0.8755, 5227.24], [0.8756, 1195.67], [0.8757, 114.39], [0.8758, 601.28], [0.8759, 785.62], [0.876, 4198.15], [0.8761, 8.65], [0.8762, 469.28], [0.8763, 2640.61], [0.8764, 54.1], [0.8765, 66.64], [0.8766, 6851.66], [0.8767, 25779.25], [0.8768, 109.5], [0.8769, 2069.38], [0.877, 48915.32], [0.8771, 1532.06], [0.8772, 705.36], [0.8773, 8.63], [0.8774, 22083.15], [0.8775, 21.1], [0.8776, 15.04], [0.8777, 518.26], [0.8778, 1948.64], [0.8779, 96997.65], [0.878, 503.22], [0.8781, 129.2], [0.8783, 33.97], [0.8784, 290.01], [0.8785, 60.02], [0.8786, 3747.76], [0.8787, 4613.84], [0.8788, 347.82], [0.8789, 5755.21]], "timestamp": null, "datetime": null, "nonce": 1283875450, "exchange": "binance"}, {"symbol": "ENA/USDT", "bids": [[0.8389, 55.9966], [0.837, 0.0072], [0.8099, 137.9552], [0.8098, 180.8586], [0.8097, 71.312], [0.7932, 181.5755], [0.7786, 6.4], [0.7781, 324.3733], [0.6504, 7.6875], [0.5009, 39.9281]], "asks": [[0.8685, 2.4178], [0.9947, 3.2196], [0.9949, 5.1911], [1.0, 0.062], [1.0784, 2.7666], [1.193, 1.8628], [1.1949, 897.3577], [1.195, 341.7466], [1.198, 353.3185], [1.2056, 1.7155]], "timestamp": 1733142487241, "datetime": "2024-12-02T12:28:07.241Z", "nonce": null, "exchange": "poloniex"}, {"symbol": "AITECH/USDT", "bids": [[0.10232, 654.8008], [0.10229, 19.55225], [0.10228, 67.0], [0.1022, 67.0], [0.10213, 67.0], [0.10212, 110.10669], [0.10209, 19.59055], [0.10208, 19.59247], [0.10207, 19.59439], [0.10206, 19.59631]], "asks": [[0.13463, 15.42379], [0.13599, 44.12318], [0.136, 44.12317], [0.13663, 2975.4323], [0.13777, 410.81554], [0.14757, 76.1164], [0.15404, 5302.17913], [0.15405, 13.43978], [0.19, 2.0], [0.21, 938.32294]], "timestamp": 1733142689766, "datetime": "2024-12-02T12:31:29.766Z", "nonce": null, "exchange": "poloniex"}